1877 2989
837 266 1124 311 —lo—

282 396 567 436 memoratum
592 388 807 450 legimus;
839 389 914 433 cfr.
939 388 1218 450 Bernhardyi
1242 391 1355 437 [list.
1370 393 1454 438 litt.
1485 395 1614 439 Rom.
1636 410 1677 453 p.

282 460 362 506 29.
428 459 633 519 Denique
660 458 705 502 in
725 458 1015 503 communium
1032 458 1273 505 studiorum
1292 463 1571 509 contentione
1596 478 1678 508 ne-

281 528 383 575 mini
412 536 585 590 poterat
614 528 791 573 dubium
820 539 936 580 esse,
963 536 1106 573 utrum
1128 530 1265 575 Attius
1291 546 1346 575 an
1368 530 1538 576 Caesar
1558 532 1677 593 prior

280 598 538 644 indicandus
566 605 694 643 esset.
763 596 925 656 Neque
942 599 1117 642 omnino
1136 598 1305 644 Caesar
1323 600 1522 656 dictator,
1549 616 1676 660 quem

281 684 394 714 unus
428 668 666 713 Suetonius
703 665 809 726 (vit.
842 667 971 711 anS.
1001 666 1104 724 56.)
1142 667 1361 729 Oedipum
1401 669 1677 729 tragoediam

283 737 508 799 scripsisse
543 743 751 790 testatur,
783 749 913 794 quam
934 735 1006 780 hic
1030 735 1123 802 iis,v
1138 753 1251 797 quae
1280 739 1354 783 ille
1374 754 1485 799 puer
1511 746 1555 783 et
1574 737 1679 783 ado-

282 806 546 853 lescentulus
569 803 885 866 composuerit,
919 804 1151 861 adcenset‚
1197 807 1255 852 de
1286 808 1444 868 tragici
1476 807 1676 853 carminis

282 875 430 937 palma
471 882 643 921 certare
686 890 788 920 cum
817 873 936 918 Attio
967 882 1168 935 poterat,
1223 893 1311 938 quo
1341 877 1521 938 quidem
1551 892 1679 922 nemo

282 952 512 1006 poetarum
533 944 681 989 hocin
712 941 950 990 carminum
979 959 1148 1004 genere
1178 947 1294 1008 apud
1323 948 1549 992 Romanos
1581 953 1676 992 erat

284 1009 507 1061 illustrior.

419 1085 574 1141 Itaque
605 1082 735 1125 alium
758 1085 974 1142 quendam
994 1085 1155 1130 Julium
1178 1084 1417 1128 Caesarem
1438 1086 1682 1144 respexisse

282 1152 506 1199 Valerium
543 1150 587 1194 in
627 1160 833 1212 promptu
865 1160 944 1199 est.
1026 1155 1171 1215 Atque
1200 1153 1286 1197 iam
1317 1152 1531 1214 Langeus
1554 1152 1680 1200 vind.

282 1230 399 1281 trag.
422 1223 555 1266 Rom.
574 1236 616 1279 p.
637 1222 684 1273 7,
708 1221 957 1267 Ellendtius
975 1222 1195 1282 Prolegg.
1218 1222 1262 1265 in
1281 1222 1376 1266 Cic.
1395 1222 1520 1267 Brut.
1542 1238 1584 1281 p.
1603 1222 1682 1267 81.

281 1291 490 1351 Meyerus
506 1289 549 1332 in
575 1287 669 1332 Cic.
688 1289 815 1335 Brut.
834 1291 915 1345 48,
937 1291 1047 1345 177,
1090 1307 1131 1351 p.
1169 1290 1275 1343 153,
1308 1289 1568 1336 Welckerus
1596 1290 1625 1336 l.
1653 1290 1683 1345 l,

281 1376 326 1421 p.
352 1358 495 1404 1358.
525 1365 843 1418 perspexerunt
874 1359 1038 1406 Valerii
1064 1360 1198 1405 verba
1209 1359 1261 1403 in
1290 1360 1342 1404 C.
1367 1359 1682 1406 Julium'caoe.

283 1442 428 1474 sarem
459 1427 721 1472 Strabonem
752 1428 915 1488 optime
936 1428 1192 1481 convenire,
1226 1428 1299 1486 qui
1340 1427 1495 1478 aedilis
1524 1428 1685 1473 curulis

283 1514 323 1543 a.
345 1496 457 1542 664.
489 1496 545 1540 U.
566 1511 654 1539 non
679 1496 820 1542 solum
847 1498 914 1543 vir
930 1513 1122 1557 magnae
1151 1497 1197 1541 in
1220 1498 1392 1541 civitate
1412 1497 1681 1543 auctoritatis

283 1567 441 1618 fuerit,
479 1563 557 1609 sed
580 1564 711 1609 etiam
742 1566 857 1611 inter
888 1567 1053 1626 primos
1088 1565 1243 1610 aetatis
1272 1581 1377 1609 suae
1412 1572 1609 1610 oratores
1642 1573 1686 1610 et

283 1641 513 1696 praesta-ns
533 1633 733 1693 tragicus
755 1642 889 1696 poeta
908 1635 1079 1680 habitus
1100 1635 1156 1680 sit
1172 1630 1237 1698 ³¹²).
1305 1634 1433 1685 Quae
1450 1635 1486 1679 si
1505 1649 1686 1679 accura-

328 1766 372 1811 =⁸)
397 1765 439 1802 C.
462 1767 578 1802 Julius
605 1765 741 1801 Caesar
773 1766 908 1802 Strabo
940 1767 1150 1815 Vopiscus,
1200 1768 1263 1812 qui
1300 1768 1410 1801 etiam
1447 1764 1685 1811 Sesquiculus

283 1814 403 1849 dictus
429 1821 484 1847 est
508 1814 618 1856 (Mar.
640 1815 784 1849 Victor.
810 1813 857 1848 de
883 1814 1044 1859 orthogr.
1074 1827 1110 1860 p.
1127 1811 1220 1848 2456
1247 1812 1323 1857 P.),
1353 1812 1452 1846 filius
1477 1812 1547 1846 fuit
1564 1811 1684 1859 Popi-

285 1862 382 1902 liae,
433 1859 549 1893 frater
593 1866 713 1892 autem
748 1861 914 1893 uterinus
951 1859 997 1905 Q.
1022 1860 1160 1893 Lutatii
1187 1859 1308 1895 Catuli
1335 1859 1495 1893 maioris.
1543 1859 1689 1893 Aedilis

285 1906 421 1942 curulis
449 1905 519 1939 fuit
545 1917 577 1938 a.
603 1902 684 1940 664.
715 1906 759 1939 U.
786 1904 887 1946 (Cic.
914 1906 1015 1939 Brut.
1042 1905 1111 1949 89,
1135 1904 1270 1949 305.),
1320 1918 1394 1951 quo
1428 1916 1525 1940 anno
1549 1905 1686 1940 Lucius

283 1954 397 1988 frater
421 1951 652 1987 consulatum
676 1953 801 1997 gessit.
820 1999 829 2007 ⁸
878 1949 969 1986 Cum
995 1960 1117 1987 autem
1142 1953 1274 1987 omissa
1293 1959 1462 1999 praetura
1482 1959 1609 1986 contra
1627 1952 1688 1987 le-

285 1997 544 2082 ssffmixzssssssss
566 1994 1686 2092 25225¹3⁹215ss·21.·.⁴ss;f.1¹;¹·2.²2..‘.⁵?.⁶.·.:.:’:²{¹ss52?¹3.⁸1¹::¹::55;:

284 2106 385 2140 resp.
408 2093 466 2136 20,
491 2091 573 2136 43.;
599 2092 701 2126 Brut.
728 2091 787 2134 63,
812 2091 930 2134 226.).
1002 2094 1055 2126 Ea
1087 2105 1145 2126 res
1180 2105 1260 2126 cum
1288 2099 1382 2126 esset
1407 2092 1531 2125 multis
1556 2093 1688 2127 utrim-

286 2152 358 2185 que
383 2139 623 2173 concionibus
649 2140 797 2183 agitata,
825 2137 960 2173 Caesar
983 2138 1168 2185 repulsam
1194 2136 1342 2183 quidem
1370 2137 1465 2180 tulit,
1492 2137 1582 2172 haec
1617 2144 1686 2171 au-

285 2194 361 2220 tem
385 2198 467 2220 cum
497 2185 666 2231 Sulpicio
689 2185 927 2229 potissimum
961 2186 1150 2218 contentio
1190 2183 1281 2217 belli
1314 2184 1432 2218 civilis
1464 2196 1590 2218 caussa
1622 2185 1686 2217 in-

287 2231 534 2275 cendiumque
568 2230 722 2265 exstitit.
749 2230 918 2270 (Ascon.
950 2231 987 2264 in
1013 2230 1138 2265 Scaur.
1165 2243 1202 2276 p.
1232 2229 1290 2264 24.
1318 2228 1456 2275 orell-3
1482 2231 1580 2265 Veu.
1610 2228 1689 2265 Pa—

284 2286 354 2313 ter.
385 2278 421 2320 2,
449 2277 542 2319 18).
567 2277 679 2310 Anno
705 2277 887 2321 sequenti,
914 2289 986 2322 quo
1012 2277 1153 2310 Marius
1179 2284 1215 2311 et
1237 2275 1356 2311 Cinna
1409 2276 1595 2318 ermuhos,
1622 2278 1685 2321 qui

284 2325 412 2359 Sullae
436 2323 634 2364 favebant,
660 2324 801 2367 proscri
831 2331 973 2366 serunt,
1001 2325 1144 2358 occisus
1175 2331 1230 2358 est
1254 2322 1349 2365 (Cic.
1372 2290 1475 2357 grat.
1494 2321 1553 2364 89,
1571 2321 1687 2364 307.),

285 2372 439 2415 eiusque
465 2377 595 2417 caput,
623 2369 778 2416 hospitis
837 2372 946 2404 (rusci
972 2370 1111 2405 scelere
1134 2369 1343 2418 proditum,
1370 2382 1452 2404 cum
1477 2369 1582 2402 Lucii
1609 2368 1688 2408 fra-

284 2419 349 2452 tris
376 2419 415 2451 in
442 2418 569 2451 rostris
594 2417 707 2450 iacuit
731 2413 824 2458 (Cic.
851 2415 897 2451 de
923 2415 1025 2451 Orat.
1051 2418 1086 2460 3,
1112 2417 1146 2459 3,
1175 2416 1255 2459 10.,
1284 2415 1437 2449 Tuscul.
1467 2413 1502 2456 5,
1527 2413 1689 2457 19,.55.,

312 2477 351 2498 ro
377 2465 504 2498 Scaur.
535 2463 577 2506 2,
605 2464 639 2497 2.
675 2462 742 2496 cfr.
771 2462 870 2496 Vell.
898 2462 1022 2498 Pater.
1052 2462 1098 2505 2,
1124 2461 1203 2505 9.).
1277 2460 1409 2496 Cicero
1442 2473 1522 2495 eum
1565 2461 1689 2496 multis

285 2478 375 2544 focis
399 2511 614 2546 facetiarum
641 2517 676 2544 et
701 2507 839 2555 leporis
865 2510 1070 2544 suavissimi
1096 2510 1246 2543 nomine
1263 2508 1402 2553 magnis
1428 2506 1598 2543 laudibus
1619 2520 1688 2542 ex-

286 2564 413 2599 ornat,
441 2571 486 2592 ex
511 2558 645 2603 quibus
671 2556 880 2591 adscribere
904 2559 1005 2589 iuvat
1032 2567 1095 2596 ea,
1123 2566 1217 2600 quae
1245 2554 1417 2600 leguntur
1444 2557 1482 2589 in
1510 2556 1608 2588 Brut.
1629 2552 1687 2597 48,

287 2603 369 2636 177.
397 2603 624 2645 „festivitate
655 2609 692 2635 et
716 2601 859 2635 facetiis
885 2610 922 2636 et
948 2601 1161 2646 aequalibus
1195 2601 1269 2635 suis
1295 2602 1467 2636 omnibus
1491 2602 1692 2648 praestitit,

284 2656 483 2694 oraturque
508 2650 576 2682 fuit
602 2649 754 2683 minime
784 2647 935 2693 quidem
962 2648 1025 2682 ille
1050 2648 1266 2690 vehemens,
1305 2647 1371 2682 sed
1396 2660 1505 2683 nemo
1530 2659 1691 2691 unquam

283 2696 495 2729 urbanitate
514 2708 631 2738 neque
657 2695 837 2729 suavitate
862 2695 1058 2729 conditior.
1111 2695 1205 2727 Sunt
1230 2696 1307 2728 eius
1333 2695 1472 2739 aliquot
1493 2696 1691 2735 orationes,

285 2755 331 2775 ex
367 2741 504 2788 quibus
541 2742 632 2773 sicut
668 2754 714 2774 ex
747 2741 911 2776 eiusdem
947 2740 1146 2786 tragoediis
1179 2741 1313 2775 lenitas
1347 2742 1424 2774 eius
1458 2742 1536 2775 sine
1571 2740 1692 2774 nervis

285 2789 447 2834 perspici
472 2785 639 2836 polest.“
667 2787 731 2820 cfr.
754 2787 800 2822 de
828 2787 903 2824 Off.
934 2787 967 2831 1,
996 2789 1052 2832 17,
1082 2786 1174 2829 133„
1200 2787 1246 2821 de
1267 2785 1370 2820 Orat.
1398 2790 1432 2830 2,
1460 2787 1516 2830 23,
1540 2786 1598 2821 98.
1655 2787 1692 2818 ln

285 2835 393 2869 libris
420 2835 465 2868 de
492 2841 639 2870 oratore
666 2832 795 2868 Cicero
821 2838 855 2870 ei
880 2836 1009 2869 tribuit
1034 2836 1195 2879 magistri
1223 2842 1343 2879 pai-tes
1381 2835 1452 2868 ioci
1481 2841 1515 2868 et
1539 2833 1694 2868 facetia-
