1877 2989
828 270 1117 313 ...¹4—

276 406 410 437 unum
444 389 551 435 illud
585 389 907 451 fragmentum,
942 389 1060 451 quod
1097 389 1214 451 apud
1250 391 1494 437 Varronem
1528 390 1584 437 L.
1617 390 1671 437 L.

275 478 319 521 p.
349 459 414 504 86
436 459 552 519 Bip.,
585 477 628 520 p.
670 460 765 505 130
798 461 857 505 Μ.
889 460 1077 519 legitur,
1107 467 1197 504 tum
1228 460 1443 505 Saturniis
1478 460 1672 505 versibus

275 528 569 590 conscriptum
605 536 698 583 est,
741 530 899 590 quibus
943 529 1136 575 numeris
1184 528 1346 574 Attium
1406 544 1530 575 usum
1575 545 1673 575 esse

275 606 429 644 contra
469 599 774 644 Hermannum
828 599 972 644 Elem.
1006 598 1065 643 D.
1099 598 1158 642 M.
1201 614 1242 658 p.
1278 597 1393 643 6392
1442 613 1671 657 negamus,

274 674 365 712 tum
397 666 638 712 Muellerus
666 668 711 713 in
748 668 937 713 Varron.
971 667 999 712 l.
1035 667 1063 712 l.
1098 667 1245 720 „Attio
1281 681 1367 711 non
1404 667 1483 711 nisi
1508 682 1563 711 ex
1580 666 1671 712 fide

275 736 635 797 interpolatorum
669 736 835 781 tribui⁶⁶
867 735 1041 791 docuit,
1080 735 1262 797 eiusque
1296 751 1471 790 nomen,
1506 734 1609 796 quia
1642 751 1670 781 a

275 805 421 851 Codd.
454 805 589 859 absit,
625 805 801 851 delevit.

408 874 575 919 Verum
629 874 688 919 de
740 874 915 934 reliquis
957 873 1062 919 Attii
1115 874 1235 919 libris
1277 873 1383 919 alias
1427 873 1672 919 accuratius

275 943 558 1002 perscribam.
626 944 759 989 Nunc
807 943 922 987 enim
975 943 1019 987 in
1075 943 1171 987 sola
1207 944 1382 988 scenica
1424 944 1547 1003 poesi
1600 958 1672 986 me

275 1011 508 1056 continebo
545 1018 591 1056 et
626 1012 730 1072 quid
763 1013 807 1057 in
843 1027 896 1057 ea
930 1011 1197 1072 praestiterit
1232 1026 1460 1071 exponam.
1507 1011 1669 1057 Attium

273 1080 410 1140 igitur
440 1096 539 1125 cum
575 1081 750 1134 suerint,
782 1080 855 1140 qui
896 1085 1076 1139 praeter
1123 1081 1379 1139 tragoedias
1422 1080 1551 1124 etiam
1597 1095 1672 1124 co-

274 1148 471 1194 moedias
489 1148 692 1195 docuisse
716 1154 970 1203 statuerent,
1003 1147 1048 1193 id
1073 1148 1156 1194 erit
1174 1148 1358 1209 primum
1379 1148 1570 1194 omnium
1587 1163 1671 1193 ex-

274 1217 566 1279 planandum,
634 1226 684 1265 ut
739 1218 843 1279 quid
897 1217 956 1276 de
1007 1218 1111 1263 Attii
1172 1218 1412 1263 comoediis
1474 1218 1672 1263 iudican-

272 1287 379 1332 dum
420 1287 477 1332 sit
515 1295 738 1347 appareat.
806 1287 1012 1347 Namque
1056 1301 1136 1331 nos
1189 1287 1366 1347 quidem
1420 1287 1523 1332 Attii
1570 1301 1670 1333 sce·

272 1357 415 1402 nicam
458 1357 612 1417 poesin
669 1358 714 1404 in
752 1356 1011 1417 tragoediis
1070 1362 1239 1404 tantum
1284 1363 1523 1416 spectatam
1570 1373 1670 1401 esse

274 1441 463 1485 eumque
501 1426 690 1486 primum
734 1426 868 1472 fuisse
911 1424 1028 1486 apud
1071 1425 1300 1469 Romanos
1351 1431 1541 1486 poetam
1573 1439 1670 1470 sce·

273 1494 462 1549 nicum‚'‚
495 1495 569 1554 qui
615 1495 754 1541 nullas
793 1509 978 1556 prorsus
1023 1494 1274 1540 comoedias
1315 1495 1539 1548 docuerit,
1583 1495 1669 1540 iam

272 1579 407 1624 supra
442 1579 487 1623 p.
525 1566 555 1608 5
601 1564 802 1611 diximus.
883 1563 957 1609 Ea
992 1578 1097 1609 vero
1132 1563 1346 1609 sententia
1385 1563 1670 1625 primumeo

271 1632 610 1693 comprobatur,
664 1633 782 1693 quod
832 1632 948 1693 apud
1005 1633 1205 1692 antiquos
1260 1634 1496 1694 scriptores
1523 1646 1525 1648 ·
1550 1633 1670 1679 nulla

271 1703 320 1747 fit
354 1702 411 1746 L.
444 1702 552 1747 Attii
588 1709 749 1762 poetae
779 1702 932 1746 comici
970 1702 1154 1754 mentio,
1191 1701 1268 1745 sed
1305 1703 1551 1761 ubicunque
1593 1702 1671 1746 ille

272 1778 661 1826 commemoratur,
726 1771 820 1816 eius
874 1770 969 1816 sola
1020 1770 1192 1831 tragica
1258 1771 1391 1817 virtus
1454 1769 1668 1817 laudatur.

271 1840 389 1885 Dein
425 1838 540 1893 duo,
570 1840 643 1900 qui
676 1840 793 1900 apud
825 1840 1138 1900 grammaticos
1173 1846 1345 1885 exstant
1377 1841 1476 1894 loci,
1512 1841 1668 1900 quibus

272 1923 426 1955 eorum
460 1909 699 1963 sententia,
733 1909 807 1969 qui
842 1909 1005 1955 Attium
1038 1909 1288 1953 comoedias
1332 1925 1507 1969 quoque
1549 1925 1667 1955 com-

270 1979 473 2037 posuisse
502 1986 711 2030 censent,
748 1977 942 2022 adiuvari
977 1977 1163 2033 videtur,
1201 1977 1316 2022 uihin
1347 1978 1533 2023 faciendi
1554 1987 1667 2024 sunt.

271 2045 517 2090 Euanthius
551 2047 665 2092 enim
686 2044 743 2104 *)
776 2062 885 2091 sane
918 2046 1030 2091 haec
1062 2046 1234 2105 scripsit
1278 2046 1430 2098 „haec
1466 2061 1564 2091 cum
1594 2061 1666 2090 ar-

272 2114 578 2160 tificiosissima
605 2116 842 2161 Terentius
876 2114 1045 2166 fecerit,
1079 2122 1171 2158 tum
1203 2113 1312 2157 illud
1346 2122 1422 2159 est·
1448 2113 1667 2159 admiran-

271 2181 399 2236 dum,
434 2182 551 2241 quod
587 2191 632 2229 et
663 2195 834 2228 morem
868 2181 1067 2235 retinuit,
1113 2189 1159 2227 ut
1194 2182 1464 2228 comoediam
1499 2184 1665 2229 scribe-

269 2257 364 2305 ret,
399 2257 446 2296 et
481 2253 740 2312 temperavit
770 2253 999 2304 affectum,
1040 2267 1096 2296 ne
1139 2251 1182 2296 in
1222 2252 1500 2311 tragoediam·
1543 2261 1665 2298 tran·

270 2320 421 2366 siliret.
494 2321 628 2372 Quod
664 2336 763 2367 cum
799 2321 891 2366 aliis
925 2321 1055 2366 rebus
1093 2321 1267 2366 minime
1303 2322 1526 2367 obtentum
1565 2330 1670 2368 eta*

268 2389 433 2435 Plauto
463 2397 508 2435 et
541 2391 597 2434 ab
626 2391 805 2435 Afranio
840 2398 886 2435 et
920 2391 1053 2436 Accio
1087 2397 1133 2434 et
1173 2391 1316 2436 multis
1360 2391 1454 2435 sere
1495 2392 1666 2451 magnis

271 2459 449 2504 comicIs
483 2459 775 2507 invenimus.“
841 2459 913 2505 Eo
946 2466 1093 2506 autem
1128 2459 1228 2505 loco
1264 2466 1340 2504 aut
1366 2459 1470 2504 Attii
1503 2475 1662 2505 nomen

269 2535 522 2588 corruptum
563 2536 632 2575 est
671 2530 854 2589 eiusque
892 2530 994 2574 loco
1029 2526 1333 2588 reponendum
1370 2527 1438 2573 vel
1483 2530 1662 2584 ‚‚.Atta“

316 2648 358 2689 *J
391 2648 451 2682 De
485 2649 610 2685 fabula
645 2665 683 2699 p.
725 2651 894 2685 XXVIII
928 2657 1013 2684 ante
1047 2651 1200 2685 Terent.
1236 2662 1328 2684 com.
1358 2650 1457 2685 edid.
1483 2650 1662 2691 Zeunius0

267 2695 387 2729 Huius
413 2694 548 2738 libelli,
572 2698 682 2744 vulgo
707 2697 784 2741 „de
801 2696 992 2742 tragoedia
1017 2703 1053 2731 et
1077 2695 1294 2731 comoedia“
1319 2697 1501 2743 inscripti,
1526 2710 1662 2733 nomen

266 2742 381 2777 fuisse
418 2741 504 2786 „de
529 2742 688 2779 fabula“
711 2752 867 2791 apparet
890 2756 936 2779 ex
959 2742 1094 2779 Rufino
1129 2743 1177 2779 de
1200 2751 1306 2777 metr.
1353 2755 1387 2786 p.
1414 2742 1518 2778 2705.
1544 2746 1584 2779 P.
1611 2745 1658 2779 cf.

269 2788 314 2821 G.
341 2786 390 2823 A.
415 2786 580 2825 Wolfius
605 2789 652 2823 de
677 2793 828 2827 canticis
848 2792 887 2826 in
911 2791 1017 2826 Rom.
1051 2790 1127 2826 fab.
1152 2802 1189 2835 p.
1222 2788 1279 2824 15.
1308 2795 1343 2822 et
1370 2787 1587 2836 Schopeuus
1618 2792 1659 2828 iu

268 2832 368 2868 mus·
394 2835 513 2873 Rhen.
540 2835 569 2880 Ι,
598 2848 638 2883 Ρ.
667 2836 747 2872 151ν
1068 2847 1085 2852 *⁸
