1877 2989
734 243 1021 287 -33-

179 367 274 418 Im
307 364 423 409 enim
452 362 705 424 Stephanus
740 365 783 410 in
819 364 1006 410 Collect.
1037 370 1137 410 vett.
1170 371 1306 425 poett.
1341 364 1463 411 Latt.
1487 367 1570 412 At·-

179 430 309 482 tianis
343 429 538 492 reliquiis
571 448 658 478 non
694 433 861 479 addidit
895 434 1077 494 longum
1104 434 1213 479 illud
1253 435 1571 496 fragmentum,

179 502 298 565 quod
334 518 390 547 ex
424 501 654 561 Sophoclis
690 503 936 548 Trachiniis
978 519 1148 550 versum
1192 503 1237 549 in
1271 505 1417 551 Cicer.
1445 505 1570 551 Tus-

179 572 263 619 cul.
305 571 377 624 11,
413 571 461 622 8,
492 570 577 614 20.
610 579 776 626 exstat,
844 572 1094 632 praeclaros
1143 572 1241 617 illos
1280 589 1432 620 versus
1475 575 1571 619 sine

177 640 311 687 dubio
343 639 507 684 idcirco
541 638 765 694 omittens,
834 641 953 700 quod
987 657 1064 685 eos
1082 641 1311 685 Ciceronis
1346 657 1444 687 esse
1464 657 1568 703 per-

180 710 332 770 spexit.
401 706 551 752 Nihilo
582 715 726 752 tamen
759 724 884 753 secus
918 710 1185 762 Scriverius,
1223 710 1427 763 Vossius,
1472 711 1571 755 Bo-

178 778 294 824 tbius
329 790 405 820 eos
441 775 563 820 Attio
594 774 832 832 dederunt,
861 776 907 821 id
944 777 1062 837 quod
1097 792 1318 837 nunquam
1346 778 1568 833 fecissent,

179 848 216 892 si
248 847 389 906 ipsum
425 845 685 889 Ciceronem
719 846 865 905 paullo
900 847 1104 890 attentius
1143 848 1444 906 inspexissent.
1522 849 1569 892 Is

180 915 294 963 enim
329 913 758 959 in‘Tusculanarum
793 914 906 958 libro
944 913 1161 968 secundo,
1198 916 1270 974 qui
1307 925 1374 961 est
1408 915 1466 960 de
1489 914 1570 960 do-

176 984 296 1037 lore,
333 999 359 1028 a
396 984 505 1043 Cap.
530 983 604 1028 VI.
643 990 841 1029 versatur
868 984 913 1027 in
947 982 1233 1028 diiudicandis
1268 985 1395 1029 variis
1430 984 1571 1045 philo-

178 1052 414 1113 sophorum
450 1052 696 1106 sententiis,
762 1067 875 1111 quae
908 1051 994 1097 hac
1040 1052 1098 1096 de
1140 1067 1192 1096 re
1237 1061 1383 1098 essent
1428 1054 1569 1107 latae,

176 1124 364 1180 easque,
422 1126 470 1165 ut
505 1120 641 1175 solet,
669 1152 674 1156 -
702 1121 888 1166 illustrat
921 1126 1149 1181 poetarum
1184 1122 1394 1167 versibus.
1500 1122 1570 1168 Ibi

176 1190 314 1250 igitur
345 1196 576 1249 postquam
623 1189 680 1233 de
725 1189 979 1234 Philocteta
1024 1190 1213 1233 eiulante
1258 1190 1432 1234 locutus
1474 1196 1543 1235 est
1557 1223 1570 1244 ,

179 1259 290 1318 Cap.
338 1258 461 1304 VIII.
520 1257 581 1301 ita
634 1258 783 1317 pergit
845 1256 976 1311 „Sed
1039 1256 1263 1303 videamus
1328 1259 1570 1303 Herculem

178 1327 334 1388 ipsum,
370 1327 444 1386 qui
463 1331 554 1371 tum
577 1325 730 1371 dolore
748 1326 1051 1385 frangebatur,
1086 1341 1184 1370 cum
1202 1327 1570 1372 immortalitatem

176 1397 271 1457 ipsa
303 1403 445 1441 morte
477 1395 727 1454 quaerebat.
795 1396 917 1446 Quas
951 1394 1023 1439 hic
1065 1410 1197 1442 voces
1239 1395 1355 1455 apud
1393 1395 1569 1456 Sopho-

178 1466 289 1511 clem
323 1466 366 1509 in
400 1465 646 1509 Trachiniis
674 1463 784 1509 edit!
853 1465 923 1509 cui
966 1479 1063 1509 cum
1102 1463 1313 1509 Deianira
1355 1466 1570 1525 sanguine

177 1533 387 1579 Centauri
415 1533 591 1577 tinctam
627 1533 814 1578 tunicam
849 1532 1085 1586 induisset,
1133 1532 1478 1594 inhaesissetque
1513 1550 1569 1580 ea

178 1602 441 1655 visceribus,
473 1602 533 1646 ait
566 1598 664 1646 ille:

211 1672 255 1716 Ο
287 1669 571 1715 multa'dictu
605 1669 782 1730 gravia,
816 1684 1028 1730 perpessu
1058 1666 1233 1731 aspera,

212 1739 341 1791 Quae
363 1754 550 1799 corpore
579 1738 807 1785 exanclata
827 1746 958 1799 atque
990 1740 1135 1785 animo
1156 1739 1341 1800 pertuti!
1378 1745 1422 1784 et
1454 1755 1569 1800 quae

190 1809 192 1812 ’
246 1823 363 1868 seq.;
394 1807 474 1853 cfr.
509 1807 697 1853 Bothius
733 1808 761 1852 l.
798 1823 835 1853 c.
869 1825 913 1869 p.
947 1807 1063 1853 246.

176 1875 287 1937 Cap.
311 1877 367 1921 X.
398 1877 558 1923 Veniat
579 1877 819 1936 Aeschylus
856 1893 941 1921 non
969 1884 1101 1937 poeta
1130 1877 1286 1930 solum,
1323 1876 1403 1921 sed
1437 1878 1569 1922 etiam

174 1943 514 2005 Pythagoreus3
580 1945 645 1989 sic
678 1945 791 1996 enim
838 1946 1097 2005 accepimus.
1203 1944 1439 1995 Quomodo
1481 1944 1569 1990 fert

175 2013 292 2075 apud
314 2030 411 2059 eum
430 2014 722 2060 Prometheus
743 2013 954 2069 dolorem,
985 2028 1115 2074 quem
1137 2014 1299 2075 excipit
1324 2015 1383 2060 ob
1409 2014 1571 2061 furtum

174 2082 431 2140 Lemnium,

450 2151 582 2198 Unde
610 2153 726 2214 ignis
751 2152 866 2198 cluet
896 2151 1147 2198 mortalibus
1177 2151 1291 2197 clam

450 2221 648 2276 DivIsus3
683 2237 782 2266 eum
813 2222 953 2267 dictus
983 2220 1276 2267 Prometheus

452 2289 678 2350 Clepsisse
708 2289 833 2344 dolo,
863 2305 1117 2351 poenasque
1148 2290 1242 2337 Iovi

451 2358 569 2404 Fato
592 2358 854 2419 expendisse
874 2375 1094 2419 supremo.

175 2427 274 2474 Has
283 2427 419 2490 igitur
428 2427 592 2490 poenas
603 2427 813 2489 pendens,
823 2427 979 2472 affixus
989 2428 1045 2472 ad
1058 2428 1319 2480 Caucasum,
1330 2425 1433 2471 dicit
1443 2425 1567 2473 haec:

455 2498 664 2544 Titanum
697 2496 896 2551 suboles,
952 2497 1071 2541 socia
1104 2496 1239 2540 nostri
1272 2496 1498 2556 sanguinis

454 2568 680 2612 Generata
702 2566 869 2620 Coelo,
901 2564 1111 2625 adspicite
1146 2564 1381 2623 religatum
1402 2566 1568 2627 asperis

453 2636 744 2695 Vinctumque
776 2635 918 2691 saxis,
948 2641 993 2680 et
1010 2648 1122 2694 quae
1139 2648 1255 2695 seq.;
1285 2634 1363 2682 cfr.
1382 2634 1567 2681 Bothius

524 2697 788 2765 1.0.p.239.'

175 2771 286 2836 Cap.
305 2773 387 2820 xl.
419 2774 504 2821 Vix
519 2773 655 2836 igitur
674 2787 805 2835 posse
823 2771 1020 2819 videmur
1046 2771 1107 2817 ita
1135 2772 1340 2818 affectum
1363 2785 1450 2816 non
1481 2770 1581 2816 mi·-

172 2858 320 2891 serum
341 2843 514 2901 dicere;
546 2852 592 2890 et
619 2844 656 2891 si
684 2843 801 2890 hunc
830 2842 1066 2899 miserum,
1097 2850 1219 2889 certe
1235 2840 1446 2950 §olorem
1475 2856 1566 2889 ma-
