1877 2989
803 235 1094 286 -24—

257 363 347 408 fine
381 354 698 422 adiungerent,
747 362 883 408 Nonii
916 363 1044 408 locus
1072 362 1200 408 facile
1230 364 1291 408 ita
1321 366 1538 427 corrumpi
1570 358 1651 427 poss

260 438 396 483 terat,
423 433 492 475 sut
511 431 708 494 *alterum
738 431 1034 493 fragmentum
1069 448 1123 476 ex
1164 433 1267 476 Attii
1303 434 1537 479 Duloreste
1573 435 1652 478 de-

259 492 524 561 promptum'
543 506 783 565 putaretur.
889 502 1014 553 Quae
1048 517 1146 546 cum
1176 502 1237 546 ita
1270 501 1368 557 si<nt5
1406 510 1450 547 et
1479 512 1655 565 praeter

259 569 499 614 Pacuvium
533 585 665 614 nemo
705 571 1012 615 Romanorum
1050 570 1332 615 Dulorestem
1378 574 1655 631 tragoediam

258 637 577 700 composuerit,
610 638 734 686 huius
761 647 937 701 poetae—
955 655 1114 686 nomen
1149 639 1280 685 etiam
1312 639 1356 685 in
1387 638 1526 686 altero
1561 640 1659 686 No-‘

258 709 318 752 nii
351 708 453 770 loco
486 723 569 768 pro
599 708 716 752 Attio
747 709 1067 757 restituendum
1088 708 1341 763 iudicamus3
1377 708 1457 753 cfr.
1482 709 1657 753 Scrive-

249 776 303 822 rii
339 775 526 823 Colleot.
555 776 713 838 tragic.
742 776 875 823 Rom.
908 794 951 840 p.
973 777 1108 831 114„
1142 777 1328 823 Bothius
1362 777 1390 823 l.
1412 776 1440 823 l.
1477 794 1519 839 p.
1545 776 1655 824 122.

387 846 483 891 Iam
518 861 622 891 vero
658 848 694 892 si
727 847 847 893 haud
883 863 1047 908 magna
1092 848 1304 893 industria
1337 848 1408 892 sad
1458 840 1658 893 refotam

252 912 333 959 dos
377 915 515 961 Nonii
542 916 656 962 -sive
697 916 972 963 librariorum
1017 917 1109 963 eius
1157 932 1330 962 errores
1374 932 1483 978 opus
1538 924 1657 971 erat,

250 1000 368 1029 nunc
402 992 556 1030 contra
590 985 885 1031 doctissimum
916 988 1041 1046 huius
1070 987 1226 1029 aetatis
1261 987 1396 1030 virum
1419 986 1544 1031 nobis
1566 986 1655 1030 dis-

251 1052 494 1112 putandum
529 1060 609 1098 est.
703 1053 930 1099 Electram
966 1054 1079 1098 enim
1114 1052 1333 1107 fabulam5
1391 1050 1520 1114 quam
1568 1055 1656 1114 pri·

249 1137 346 1166 mus
395 1123 687 1167 Gasaubonus
722 1123 766 1167 in
804 1124 927 1168 Suet.
965 1124 1096 1168 Caes.
1132 1123 1214 1167 84.
1263 1122 1368 1167 Attii
1403 1138 1502 1167 esse
1547 1138 1653 1167 con—

249 1189 416 1245 tendit,
456 1206 598 1253 nuper
630 1191 762 1237 etiam
790 1191 1069 1239 Weichertus
1107 1191 1207 1236 huic
1241 1198 1399 1252 poetae
1432 1190 1657 1237 vindicare

250 1259 430 1305 studuit.
509 1259 622 1305 Cum
663 1276 777 1306 vero
824 1262 1114 1306 Casaubonus
1149 1261 1429 1306 coniecturae
1464 1262 1656 1305 rationes

250 1329 391 1373 nullas
427 1327 669 1385 addiderit,
733 1344 831 1373 cum
877 1329 972 1373 solo
1023 1329 1127 1374 mihi
1162 1329 1417 1374 Weicherto
1462 1326 1655 1374 resest.

247 1397 293 1442 Is
326 1398 370 1441 in
408 1405 640 1442 comment.
685 1397 743 1441 de
780 1398 834 1442 O.
861 1398 1018 1442 Licino
1053 1397 1194 1441 Calvo
1223 1394 1398 1459 (Poett.
1428 1396 1548 1442 Latt.
1586 1413 1656 1442 re-

248 1465 351 1526 liqq.
387 1483 431 1527 p.
464 1462 755 1525 139—43.)
790 1466 945 1512 incidit
980 1468 1023 1511 in
1047 1461 1278 1511 Ciceronis
1298 1462 1456 1511 locumv
1477 1465 1535 1511 de
1555 1467 1655 1512 Pin.

247 1534 285 1588 1,
321 1535 367 1577 2.
403 1536 477 1579 ubi
512 1535 584 1579 hic
618 1536 948 1596 „Synephebos
982 1551 1097 1595 ege,
1144 1535 1302 1594 inquit,
1355 1536 1499 1595 potius
1537 1536 1655 1579 Cae-

248 1604 333 1648 cilii
369 1612 444 1649 aut
464 1603 686 1649 ¹Andriam
716 1605 939 1660 Terentii,
991 1620 1121 1665 quam
1165 1611 1394 1664 utramque
1424 1604 1654 1649 Menandri

248 1673 428 1733 legam?
465 1675 501 1718 A
525 1673 681 1732 quibus
716 1679 885 1717 tantum
921 1673 1142 1726 dissentio,
1180 1681 1240 1729 ut,
1279 1689 1379 1717 cum
1404 1673 1652 1733 Sophocles

248 1742 320 1786 vel
355 1742 518 1803 optime
555 1742 779 1803 scripserit
814 1741 1066 1800 Electram,
1125 1749 1271 1787 tamen
1307 1742 1421 1787 male
1468 1756 1652 1787 conver-

250 1827 344 1855 sam
380 1812 515 1855 Attilii
547 1811 651 1855 mihi
686 1811 922 1869 legendam
948 1818 1109 1870 putem.
1182 1812 1253 1854 De
1299 1827 1386 1869 quo
1429 1811 1651 1855 Licinius:

284 1878 504 1925 Ferreum
542 1880 814 1940 scriptorem,
849 1895 995 1925 verum
1019 1880 1175 1942 opinor
1197 1880 1454 1942 scriptorem
1475 1887 1620 1926 tamen

287 1950 357 1995 Ut.
388 1949 607 2008 legendus
642 1950 740 1994 sit.“
1614 1989 1620 1999 ,,

249 2016 322 2061 Eo
369 2018 469 2076 loco
516 2027 637 2063 recte
685 2017 899 2063 intellexit
942 2018 1150 2063 Porcium
1198 2018 1415 2063 Licinium
1451 2019 1518 2062 vel
1574 2015 1653 2077 p'o-

249 2087 334 2131 tius
370 2087 573 2132 Licinum
607 2083 680 2149 *),
717 2087 839 2131 cuius
873 2087 916 2131 in
955 2087 1098 2131 verbis
1132 2087 1219 2130 iam
1239 2087 1422 2132 Vossius
1444 2086 1500 2131 de
1521 2086 1651 2132 Poet.

294 2230 322 2274 *)
347 2229 472 2266 Porcii
497 2232 632 2266 Licinii
656 2243 807 2276 nomen,
835 2231 903 2266 etsi
920 2230 1007 2264 libri
1024 2238 1234 2266 constanter
1258 2231 1311 2266 sic
1336 2231 1511 2279 scriptum
1536 2244 1653 2278 prae-

245 2278 356 2320 bent,
398 2285 613 2323 corruptum
646 2285 772 2312 tamen
816 2286 893 2322 est3
930 2290 1039 2312 nemo
1084 2280 1179 2312 enim
1215 2279 1465 2313 Romanorum
1507 2278 1652 2313 duobus

246 2326 461 2360 nominibus
487 2325 685 2369 gentiliciis
712 2324 914 2359 dicebatur.
967 2326 1041 2358 Iam
1080 2326 1288 2360 Gronovius
1315 2327 1353 2358 in
1380 2325 1477 2361 Gell.
1508 2326 1563 2367 17,
1589 2324 1650 2358 21.

245 2373 317 2406 hoc
343 2372 383 2405 in
414 2373 566 2407 nomine
593 2372 753 2406 offensus
781 2380 852 2416 est,
891 2379 926 2407 et
951 2373 1113 2418 interpp.
1140 2372 1186 2406 ad
1205 2373 1289 2406 Liv.
1324 2371 1382 2414 39,
1411 2370 1471 2405 32.
1508 2370 1652 2406 docue-

245 2426 332 2452 runt
356 2432 433 2453 non
457 2419 644 2453 Licinium
670 2418 735 2453 sed
766 2419 937 2454 Licinum
967 2420 1075 2453 huius
1099 2421 1168 2453 viri
1195 2431 1330 2453 nomen
1356 2418 1482 2460 fuisse,
1509 2430 1651 2464 appro-

246 2465 372 2499 batum
390 2467 548 2500 Ernesto
574 2467 614 2499 in
640 2465 745 2501 Clav.
770 2465 848 2501 Cic.
876 2477 909 2501 s.
933 2479 969 2500 v.
999 2473 1034 2499 et
1061 2463 1206 2499 Orellio
1233 2463 1369 2498 Onom.
1390 2464 1492 2499 Tull.
1528 2466 1571 2508 11,
1610 2478 1649 2511 p.

246 2509 344 2553 493.5
370 2512 714 2547 cf.Lindemannus
740 2513 781 2545 in
807 2511 949 2547 Charis.
977 2512 1004 2554 Ι,
1031 2510 1061 2553 §.
1088 2510 1147 2553 98,
1174 2524 1210 2556 p.
1237 2509 1295 2545 74.
1323 2510 1433 2556 Corp.
1462 2519 1650 2557 grammat.

245 2557 330 2592 Lat.
356 2560 403 2592 V.
452 2560 569 2594 Huius
601 2560 880 2594 intermortuam
914 2559 993 2593 fere
1026 2559 1241 2598 memoriam
1305 2565 1360 2592 ost
1392 2558 1567 2593 Vossium
1603 2558 1651 2594 de

246 2602 373 2638 Poett.
397 2603 496 2639 Latt.
526 2609 557 2648 1,
583 2606 618 2641 7.
647 2605 770 2640 denuo
798 2606 973 2640 excitavit
1010 2604 1247 2639 Weichertus
1289 2630 1297 2638 .
1324 2604 1349 2638 l.
1408 2628 1417 2638 .
1448 2604 1526 2639 138.
1551 2606 1652 2639 Pau-

245 2662 310 2693 ca,
337 2662 433 2696 quae
458 2660 664 2695 supersunt,
690 2652 895 2697 fragmenta
922 2650 1121 2686 ostendunt
1147 2650 1192 2685 ab
1222 2649 1355 2685 Licino
1378 2619 1517 2685 iibrum
1543 2663 1649 2686 com-

243 2698 408 2744 positum
434 2708 514 2731 esse
534 2699 696 2733 versibus
721 2700 919 2734 trochaicis
951 2706 1093 2733 tetram.
1130 2698 1263 2738 catal.;
1299 2699 1336 2731 in
1372 2700 1443 2732 hoc
1480 2711 1561 2732 eum
1601 2697 1648 2733 de

244 2745 350 2790 poesi
374 2745 544 2780 Romana
570 2745 683 2787 egisse
709 2744 783 2780 duo
804 2759 930 2781 versus
965 2753 1172 2789 testantur,
1208 2756 1300 2790 quos
1327 2743 1476 2781 Gellius,
1503 2745 1564 2787 17,
1589 2745 1649 2778 21.

245 2792 438 2832 ,servaviu
465 2791 506 2825 in
532 2788 662 2825 eodem
688 2793 851 2837 singulos
878 2799 1023 2841 poetas,
1041 2791 1180 2828 iudicio
1205 2801 1272 2824 suo
1298 2790 1533 2837 interposito,
1558 2804 1650 2837 per-
