1877 2989
735 252 996 295 -7-

157 374 428 445 praesertim
435 384 538 420 oum
577 389 633 419 ex
665 373 759 419 Cic.
800 372 927 417 Brut.
958 371 1038 417 64.
1077 378 1245 419 constet
1286 387 1387 418 eum
1429 374 1558 419 etiam

159 444 488 504 octogenarium
497 441 683 488 fabulam
697 442 913 495 docuisse3
924 440 1001 486 cfr.
1011 441 1304 487 Welokerusl.
1314 441 1346 487 l.
1333 459 1403 502 ..p
1419 442 1558 487 1383.

327 512 494 566 Quodsi
531 513 617 558 iam
649 528 704 558 ex
731 518 929 557 veterum
966 511 1218 558 testimoniis
1251 520 1435 572 apparet
1466 512 1556 559 Pa-

158 583 327 630 cuvium
367 599 407 628 a.
439 582 549 627 600.
584 588 800 626 mortuum
831 594 919 624 non
946 597 1065 634 esse,
1113 581 1257 626 omnia
1278 596 1402 640 ,quae
1429 583 1556 627 nobis

160 652 216 698 de
247 653 324 699 illo
350 649 554 712 Attioque
581 649 741 697 tradita
763 656 887 704 sunt,
927 651 1153 711 praeclare
1178 649 1292 696 inter
1318 666 1368 695 se
1394 651 1555 697 eoliae·

161 730 270 767 rent.
338 722 456 766 Nam
475 735 581 765 oum
616 714 788 771 Attius,
825 726 873 763 ut
899 721 1022 764 testis
1058 727 1127 765 est
1162 720 1483 775 Hieronymus,
1518 737 1555 764 a.

160 790 278 835 584.
315 795 440 834 natus
462 787 790 847 quinquaginta
832 788 957 833 annis
993 789 1135 834 minor
1173 786 1303 834 fuerit
1340 788 1555 842 Pacuvio,

161 859 287 904 huius
316 861 498 902 neeesse
516 864 597 901 est
631 856 798 902 natales
836 857 879 900 in
919 873 1076 903 annum
1112 857 1210 901 534
1239 858 1294 903 U.
1325 873 1363 901 c.
1394 857 1555 901 inuide-

159 927 244 972 rint
283 925 498 986 idemque*
522 940 665 986 prope
705 927 1030 985 nonagenarius
1073 925 1247 972 circiter
1274 941 1323 971 a.
1348 925 1469 970 ⁷620.
1505 926 1556 971 U.

157 996 326 1041 obierit.
396 996 637 1054 Postquam
668 995 1018 1056 sie-Hieronymi
1051 996 1208 1049 verba,
1255 994 1410 1055 quibus
1447 995 1557 1040 Atti-

161 1080 233 1110 um
267 1065 380 1109 inter
418 1063 612 1108 colonos
631 1064 918 1111 Pisaurenses
951 1064 1085 1109 fuisse
1126 1070 1300 1115 narrat,
1369 1063 1413 1107 in
1446 1064 1555 1108 Atti-

157 1147 252 1185 um,
267 1132 714 1192 vpoetamtragimm‚
743 1132 976 1185 convenire
1002 1149 1088 1177 non
1117 1146 1248 1192 posse
1285 1131 1555 1176 demonstra-

157 1202 294 1247 vimus
308 1232 322 1254 ‚
363 1201 449 1244 iam
490 1199 706 1260 duplicem
742 1200 858 1244 iliius
897 1202 1031 1245 verba
1069 1200 1313 1261 explicandi
1344 1200 1556 1244 rationem

160 1269 283 1315 nobis
314 1269 562 1329 repperisse
591 1267 801 1313 videmur.
878 1268 1092 1315 Fortasse
1120 1269 1234 1314 enim
1259 1268 1557 1330 Hieronymus

160 1339 217 1383 Τ.
247 1338 407 1382 Attium
443 1336 751 1381 Pisaurensem
791 1337 981 1396 equitem
1022 1339 1292 1391 Romanum,
1342 1338 1415 1396 qui
1454 1352 1557 1382 can-

160 1423 252 1452 sam
290 1405 522 1466 Oppianici
550 1406 627 1449 filii
661 1406 755 1465 egit
795 1413 950 1451 contra
991 1407 1266 1459 Cluentium,
1316 1421 1447 1465 quem
1475 1407 1558 1450 Ci-

98 1514 105 1516 .
161 1491 266 1521 cero
304 1481 483 1535 praetor
519 1488 559 1518 a.
591 1473 707 1527 668.
728 1474 800 1518 U.
836 1475 1035 1519 oratione
1075 1475 1288 1528 defendit,
1338 1490 1453 1534 quae
1480 1490 1555 1519 ae-

158 1550 292 1590 tatem
321 1543 442 1596 tulit,
473 1543 533 1589 L.
555 1542 660 1588 Attii
684 1548 842 1602 poetae
862 1543 998 1588 filium
1028 1545 1191 1603 putavit
1211 1559 1323 1597 esse,
1347 1540 1419 1606 (id
1438 1543 1557 1602 quod

160 1614 254 1658 aliis
286 1627 460 1671 quoque
487 1611 699 1656 accidisse
727 1612 931 1671 Meyerus
964 1613 1007 1655 in
1040 1613 1135 1657 Cic.
1169 1613 1296 1656 Brut.
1326 1613 1407 1664 78,
1442 1613 1557 1656 271.

160 1679 369 1745 probat),
409 1687 541 1741 atque
573 1681 676 1726 inde
702 1680 915 1726 conclusit
956 1682 1012 1727 L.
1044 1682 1205 1727 Attium
1234 1681 1346 1726 inter
1381 1680 1561 1727 colonos

162 1753 394 1797 Pisaurum
416 1750 657 1794 <deductum
696 1765 807 1794 esse.
877 1751 964 1795 Aut
1000 1751 1051 1801 si⁸
1077 1751 1145 1803 eui
1179 1750 1254 1794 illa
1291 1750 1432 1794 minus
1464 1750 1563 1809 pla-

162 1827 287 1874 cent,
315 1820 548 1865 Pisaurum
573 1816 763 1863 fortasse*
776 1817 932 1865 iterum
952 1819 1069 1864 missi
1096 1826 1196 1864 sunt
1215 1818 1376 1872 coloni,
1407 1819 1561 1878 quibus

163 1890 303 1934 Attius
335 1884 590 1932 interfuerit.
660 1887 778 1931 Nam
805 1887 973 1932 etiamsi
1006 1904 1060 1932 ex
1082 1889 1177 1932 Cic.
1201 1888 1392 1946 Philipp.
1412 1888 1459 1939 2,
1481 1889 1560 1930 40.

164 1962 331 2003 eertum
362 1962 453 2009 est,
489 1955 531 1999 in
564 1971 662 1999 eam
693 1954 923 2009 coloniam,
959 1970 1074 2014 quae
1102 1962 1219 2000 esset
1240 1955 1463 2015 auspicato
1482 1954 1560 1999 de-

165 2026 322 2078 ducta,
357 2024 461 2069 dum
493 2033 610 2069 esset
637 2022 885 2077 incolumis,
927 2039 1084 2068 novam
1111 2024 1325 2069 coloniam
1355 2023 1452 2068 iure
1484 2023 1560 2067 de-

164 2094 265 2139 duci
302 2093 516 2138 Romanis
551 2108 639 2137 non
665 2092 863 2145 licuisse,
917 2092 1022 2137 nibil
1047 2099 1191 2137 tamen
1220 2092 1427 2138 obstabat
1452 2107 1559 2150 quo-

165 2163 305 2208 minus
348 2161 549 2206 coloniae
598 2161 698 2206 novi
740 2160 1090 2206 adscriberentur
1129 2161 1303 2217 coloni3
1350 2161 1428 2206 cfr.
1465 2161 1559 2205 Cic.

166 2231 224 2277 de
257 2231 347 2290 leg.
382 2244 531 2289 agrar.
562 2231 609 2284 2,
650 2230 743 2284 13.,
775 2230 880 2275 ibid.
914 2232 1012 2284 28..
1040 2231 1136 2276 Liv.
1168 2232 1216 2284 4,
1250 2230 1330 2284 303
1360 2229 1442 2288 31,
1466 2229 1560 2282 49.;

168 2300 361 2355 ³7,·›46.
425 2298 652 2344 Drakenb.
690 2299 734 2343 in
769 2298 868 2344 >Lim
904 2299 1097 2361 Epitom.
1141 2300 1237 2345 libr.
1276 2300 1321 2344 4.
1357 2305 1403 2343 et
1437 2299 1479 2343 in
1514 2298 1561 2349 6,

170 2370 277 2423 3⁰„
319 2368 449 2414 Nieb.
496 2368 612 2413 Hist.
656 2367 790 2411 Rom.
825 2368 895 2421 II,
941 2368 1005 2413 53
1053 2386 1145 2429 sqq.
1217 2368 1386 2420 Quodsi
1424 2384 1479 2411 ne
1518 2366 1563 2409 id

168 2437 342 2498 quidem
378 2437 609 2499 probatur,
677 2436 782 2481 nihil
823 2437 1037 2497 reliquum
1082 2448 1170 2491 est,
1236 2454 1362 2497 quam
1411 2444 1458 2480 ut
1491 2442 1566 2480 aut

167 2504 490 2566 Hieronymum
523 2507 679 2552 falsum
709 2512 783 2551 aut
816 2506 1075 2567 Hieronymi
1111 2507 1238 2552 verba
1273 2506 1418 2550 labem
1458 2521 1569 2551 eon-

173 2575 357 2620 traxisse
391 2580 569 2621 statuas.
604 2575 827 2633 Quidquid
861 2583 941 2630 est,
966 2576 1145 2629 colonis,
1180 2575 1253 2634 qui
1275 2590 1315 2619 a.
1334 2574 1451 2619 570.
1488 2574 1569 2618 Pi-

173 2660 347 2691 saurum
383 2644 502 2690 missi
535 2653 657 2699 sunt,
703 2642 823 2690 nullo
856 2645 989 2692 modo
1022 2644 1161 2691 Attius
1196 2650 1329 2707 poeta
1362 2641 1566 2690 interfuit.

320 2715 394 2758 Ne
429 2715 534 2774 quid
568 2723 712 2760 tamen
752 2716 975 2761 reticuisse
1021 2713 1197 2770 videar,
1246 2715 1466 2759 fatendum
1503 2721 1571 2756 est

173 2798 259 2830 non
295 2781 450 2830 deesse
499 2791 689 2831 veterum
724 2783 869 2839 locos,
938 2783 1092 2844 quibus
1128 2801 1182 2831 eo
1217 2783 1459 2838 adducare,
1526 2789 1569 2827 ut
