1877 2989
786 225 1076 268 ...19-

240 348 326 392 ciet
343 345 553 400 ‘Peleusf‘
588 347 630 391 in
661 346 942 391 annotatione
969 342 1164 389 addens:
1212 359 1267 389 ex
1296 343 1628 402 Andromacha

238 414 294 461 of:
310 414 533 476 Euripidis
558 415 750 476 fabulam
779 415 886 459 758.
905 428 1001 474 sqq.
1044 412 1206 458 Verum
1233 414 1348 460 enim
1381 430 1487 461 vero
1526 430 1624 462 cnm

235 483 354 545 apud
386 484 571 530 Festum
601 501 634 530 s.
669 479 710 529 ν’.
739 489 907 529 vastam
939 497 984 542 p.
1018 482 1129 527 2⁷7.
1162 481 1295 528 Liud.
1330 490 1472 530 exstet
1505 489 1623 539 „Ao-

237 553 355 599 cius:
388 553 474 600 iam
510 554 625 600 banc
658 553 813 599 urbem
847 549 967 596 ferro
1004 557 1169 597 vastam
1204 550 1336 598 faciet
1367 553 1544 607 Peleus,
1578 561 1625 600 et

234 618 476 668 Pacuvius:
523 623 675 683 quaies
718 621 898 666 scabres
940 621 1057 680 quod
1099 621 1261 666 inculta
1299 623 1622 676 vastitudinc,“

233 691 401 736 Paulus
436 699 581 737 autem
616 707 658 751 p.
696 690 808 735 160.
844 688 976 734 Lind.
1012 690 1193 736 verbum
1228 689 1467 745 ,‚Peleus“
1511 692 1623 737 omi-

232 761 361 812 serit,
395 774 481 803 non
518 760 697 804 dubium
730 774 830 803 esse
864 758 1058 813 videtur,
1111 760 1211 819 quin
1257 775 1341 804 vox
1378 760 1621 813 „Peleus“

233 833 331 872 orta
383 827 439 871 sit
486 839 541 872 ex
598 829 772 872 nomine
825 827 1014 881 Teucri,
1086 827 1145 872 de
1198 828 1320 873 cuius
1363 829 1622 889 suspicionis

231 897 414 947 veritate
448 897 613 957 ambigi
654 913 740 943 non
775 897 899 950 licet,
961 897 998 941 si
1042 897 1305 957 cognoveris
1353 898 1488 943 verba
1531 895 1621 944 Pa-

230 965 343 1010 cuvii
378 965 452 1011 ina
486 982 540 1011 ex
578 966 1051 1027 Teucro'deprompta
1085 981 1198 1020 esse,
1227 965 1272 1010 id
1308 965 1426 1027 quod
1461 967 1621 1027 proba-

229 1041 302 1079 tur
333 1042 537 1094 quattuor
555 1036 691 1081 Nonii
724 1036 832 1081 locis
868 1031 929 1095 (s.
960 1030 998 1080 r.
1032 1036 1223 1081 vastities
1253 1052 1295 1095 p.
1324 1037 1432 1081 185.
1467 1037 1620 1097 poeui-

228 1104 422 1150 tudinem
451 1121 494 1165 p.
535 1106 653 1161 152,
690 1119 866 1166 scapres
895 1121 936 1164 p.
974 1104 1098 1158 169„
1133 1104 1353 1149 alumnum
1400 1121 1444 1165 p.
1476 1103 1618 1166 243.)

226 1171 410 1218 Festum
455 1173 570 1219 enim
616 1175 800 1219 coniicio
842 1173 1070 1234 scripsisse
1118 1174 1329 1227 „Teucro
1369 1174 1618 1220 Pacuvius“

227 1241 416 1302 indeque
458 1250 605 1288 natam
659 1258 758 1288 esse
802 1241 1156 1302 depravationem
1200 1241 1442 1302 scriptu-rae
1496 1243 1617 1296 „Pe-

227 1310 322 1355 leus
375 1311 608 1357 Pacuvius.
618 1315 648 1336 ‘⁴
748 1312 922 1357 Contra
963 1310 1245 1356 Duentzerus
1295 1311 1340 1355 iu
1395 1312 1617 1359 Zimmer—

223 1379 372 1423 manni
404 1379 557 1424 Diario
587 1396 628 1425 a.
664 1380 821 1432 1838,
855 1395 899 1440 p.
936 1375 1003 1426 54
1039 1380 1173 1425 verba
1205 1379 1280 1424 illa
1315 1380 1499 1425 Pacuvii
1523 1381 1617 1425 'I'e-

226 1447 360 1508 lepho
403 1448 658 1509 adscripsit,
713 1463 908 1494 errorem
964 1449 1009 1492 iu
1070 1464 1120 1492 se
1164 1448 1459 1502 committens,
1516 1464 1615 1494 cum

228 1516 445 1563 Pacuvius
480 1518 574 1563 eius
609 1518 792 1563 nominis
826 1517 1014 1563 fabulam
1051 1532 1138 1562 non
1157 1516 1358 1562 ediderit.
1393 1517 1617 1578 Quidquid

226 1600 332 1632 vero
352 1593 441 1641 est,
475 1586 562 1632 hoc
579 1595 700 1633 certe
730 1584 981 1647 fragmento
1006 1585 1314 1632 Andromacha
1340 1585 1488 1632 fabula
1515 1586 1617 1633 huic

222 1665 382 1716 poetae
403 1670 489 1701 non
510 1656 765 1711 vindicatur,
785 1671 929 1717 neque
949 1652 1161 1702 Osannus
1182 1655 1306 1701 Anal.
1329 1655 1425 1701 crit.
1442 1673 1485 1716 p.
1507 1656 1617 1701 148.

222 1723 268 1769 in
311 1725 455 1771 medio
500 1726 749 1787 relinquere
802 1725 974 1780 debuit,
1024 1724 1188 1770 Cicero
1233 1721 1428 1784 (Acadd.
1467 1725 1515 1780 2,
1545 1722 1617 1787 ⁷.)

222 1791 368 1839 utrum
401 1795 534 1840 Ennii
569 1811 624 1840 an
654 1795 758 1841 Attii
789 1793 1140 1841 Andromacham
1174 1793 1220 1838 in
1255 1808 1391 1839 scena
1432 1794 1514 1853 agi
1553 1794 1617 1839 vi-

221 1861 348 1907 derit.
416 1863 622 1918 Rutilius,
655 1865 727 1924 qui
761 1865 803 1909 in
838 1864 949 1909 Mus.
979 1862 1066 1908 Rh.
1113 1863 1168 1915 V,
1214 1878 1257 1922 p.
1293 1861 1406 1906 253.
1451 1862 1614 1907 iterum

221 1930 571 1978 Andromacham
599 1933 713 1977 iuter
733 1932 929 1979 Attianas
957 1931 1126 1975 fabulas
1145 1931 1404 1984 nominavit,
1438 1931 1484 1975 in
1508 1946 1614 1976 sen-

223 1997 360 2047 tentia
394 2016 471 2047 sua
502 2016 788 2063 perseverare
820 2000 1006 2046 videtur.

360 2071 531 2117 Nonius
568 2088 601 2117 s.
636 2089 675 2117 v.
709 2072 897 2129 immane
930 2087 974 2131 p.
1010 2068 1123 2114 323.
1159 2067 1220 2114 M.
1252 2082 1308 2113 ex
1342 2066 1447 2114 Attii
1477 2069 1612 2114 Auto-

222 2137 367 2200 media
399 2139 485 2185 hoc
518 2140 813 2201 fragmentum
848 2140 999 2185 affert:
1038 2137 1303 2183 immanitate
1337 2136 1472 2182 habet
1502 2143 1613 2183 tem·

221 2208 365 2269 plum,
438 2208 701 2255 obv-allatum
737 2210 921 2255 ossibus.
1022 2203 1272 2254 Iuauditum
1324 2205 1611 2253 Automediae

223 2292 383 2322 nomen
421 2283 496 2323 aut
528 2277 714 2328 librariis
748 2278 934 2324 debetur
969 2284 1045 2324 aut
1076 2277 1211 2322 Nonii
1253 2275 1442 2337 stupori3
1494 2275 1612 2321 inve-

221 2347 304 2391 niri
335 2346 444 2392 illud
478 2348 523 2391 in
556 2348 660 2393 Mss.
692 2349 941 2400 Mercerus,
977 2347 1243 2400 Scriverius,
1277 2345 1487 2398 Vossius,
1520 2343 1612 2389 Bo·

221 2414 337 2459 thius
378 2421 606 2461 testantur.
679 2416 830 2467 Quare
888 2431 973 2459 non
1028 2415 1166 2460 solum
1223 2413 1470 2464 Mercerus,
1531 2411 1615 2457 sed

222 2483 355 2529 etiam
384 2484 646 2530 Gerlachius
684 2492 730 2530 et
764 2484 977 2539 Rothius,
1023 2480 1304 2528 recentissimi
1343 2479 1480 2525 Nonii
1521 2479 1614 2527 edi-

222 2558 366 2607 tores,
394 2553 672 2598 scribendum
718 2561 949 2599 curarunt:
996 2552 1151 2598 Accius
1194 2548 1471 2594 Automedia.
1537 2551 1614 2595 At-

221 2628 369 2667 tamen
402 2624 488 2668 iam
521 2622 692 2683 priscae
724 2622 962 2676 editiones,
995 2622 1151 2667 Aldina
1185 2624 1230 2662 et
1262 2617 1612 2673 Mediolanensis‚

220 2704 303 2749 pro
323 2692 639 2743 „Automedia“
664 2692 876 2753 praebent
899 2687 1253 2743 „Andromeda“,
1288 2688 1410 2732 cuius
1428 2686 1613 2733 nominis

222 2757 412 2806 fabulam
464 2761 521 2808 ab
553 2760 672 2808 Attio
728 2775 827 2807 esse
878 2756 1188 2820 compositam,
1239 2756 1361 2869 'guid
1417 2753 1613 2803 eiusdem
