1877 2989
834 261 1124 304 ...ae-

279 381 322 426 in
345 380 441 428 Cic.
476 381 506 425 l.
536 381 743 427 Attamen
776 381 984 436 Attilium,
1017 395 1146 440 quem
1175 386 1355 441 propter
1392 381 1507 427 hunc
1540 382 1671 428 Cice-

279 450 397 494 ronis
416 450 564 496 locum
594 451 709 497 inter
745 452 942 510 tragicos
962 458 1116 511 poetas
1134 458 1450 496 recensuerunt
1478 452 1672 497 cumtalii

278 526 370 563 tum
392 519 721 581 *Bernhardyns
753 520 871 566 Hist.
910 520 988 566 litt.
1034 520 1165 565 Rom.
1203 535 1245 580 p.
1266 516 1423 572 .181.‚
1457 521 1673 567 Baehrius

276 587 394 632 Hist.
428 589 508 633 litt.
547 590 682 635 Rom,
717 605 761 649 p.
798 590 905 642 87„
972 590 1186 648 Langeus
1216 587 1345 633 Vind.
1380 596 1497 647 trag.
1534 590 1669 637 Rom.

277 672 319 718 p.
344 656 414 710 7.,
449 657 636 705 Bothius
670 659 699 704 l.
719 658 747 703 l.
775 674 818 719 p.
852 651 981 711 254„
1017 657 1165 703 statuit
1199 651 1476 703 weichertus
1496 658 1671 718 Sopho-

277 725 356 771 clis
386 728 611 773 Electram
646 744 733 773 non
770 728 945 787 tragice
975 727 1055 772 sed
1093 727 1278 772 comice·
1297 734 1524 772 tractasse.
1558 728 1672 772 Eam

274 796 318 841 in
354 797 602 858 opinionem
638 814 686 844 se
721 797 956 844 adductum
992 813 1090 843 esse
1125 797 1230 842 dicit
1275 804 1458 859 propter
1491 797 1673 842 Cicero-

278 866 392 911 niani
429 866 515 913 loci
550 864 874 922 ἀσυστασίαν;
911 868 1072 912 nullam
1115 868 1227 912 enim
1269 883 1318 912 se
1353 867 1503 912 videre
1539 868 1670 912 ratio·

277 950 380 979 nem
409 935 640 990 idoneam,
686 952 773 995 qua
809 937 966 982 ductus
1002 937 1162 981 Cicero
1197 936 1474 994 tragoediam
1511 936 1671 981 Latine

276 1002 495 1049 redditam
546 1004 841 1063 composuerit
892 1019 990 1047 oum
1045 1003 1284 1047 comoediis·
1325 1020 1381 1047 ex
1427 1004 1670 1049 Menandro

275 1072 520 1126 conversis,
557 1077 602 1117 et
635 1086 814 1132 prorsus
851 1071 1092 1117 desiderari
1127 1071 1244 1116 illam
1279 1071 1497 1116 scribendi
1532 1080 1670 1117 artem

274 1146 319 1184 et
353 1156 530 1195 curam,
558 1157 688 1201 quam
724 1140 880 1185 eodem
907 1141 951 1184 in
986 1148 1249 1200 argumento
1285 1140 1580 1186 observaverit
1612 1140 1671 1185 de

274 1215 365 1270 opt.
395 1225 499 1270 gen.
534 1218 644 1255 orat.
678 1210 790 1269 Cap.
826 1211 871 1255 6.
916 1209 1086 1264 „iidem
1121 1209 1329 1255 Andriam
1365 1217 1409 1256 et
1441 1209 1669 1270 Synephe-

275 1280 382 1332 bos,
454 1295 538 1324 nec
575 1281 715 1323 minus
751 1280 1009 1323 Terentium
1051 1286 1095 1323 et
1130 1279 1372 1323 Caecilium
1408 1295 1536 1339 quam
1574 1279 1669 1323 Me-

274 1347 491 1392 nandrum
525 1348 694 1407 legunt,
724 1362 808 1391 nec
841 1347 1190 1392 Andromacham
1225 1353 1299 1391 aut
1335 1349 1564 1406 Antiopam
1595 1353 1670 1392 aut

270 1416 506 1475 Epigonos
549 1417 733 1461 Latinos
778 1417 999 1476 recipiant.
1089 1416 1179 1460 Sed
1225 1424 1370 1460 tamen
1406 1416 1598 1461 Ennium
1625 1423 1671 1461 et

269 1484 513 1529 Pacuvium
550 1491 595 1529 et
629 1484 790 1529 Attium
826 1485 970 1545 potius
1014 1499 1143 1543 quam
1187 1483 1447 1543 Euripidem
1490 1491 1535 1528 et
1578 1484 1668 1528 So-

269 1552 474 1613 phoclem
510 1554 710 1613 legunt·.“
743 1553 838 1597 Iam
861 1569 977 1610 vero,
995 1553 1097 1597 licet
1116 1552 1422 1606 concedamus,
1460 1552 1543 1596 hoc
1567 1552 1666 1597 loco

270 1622 464 1669 comicos
488 1622 680 1674 comicis,
706 1622 900 1682 tragicos
921 1621 1101 1680 tragicis
1124 1621 1345 1680 utriusque
1356 1621 1504 1681 populi
1527 1623 1667 1681 poetis

271 1690 510 1750 diligenter
544 1691 706 1751 opponi
741 1687 956 1749 (namque
989 1689 1218 1735 Menandri
1253 1690 1458 1734 Andriam
1497 1690 1667 1735 Teren-

270 1759 382 1812 tius,
429 1760 718 1821 Synephebos
754 1759 973 1805 Caecilius
1006 1760 1197 1804 imitatus
1226 1766 1314 1812 est,
1364 1775 1418 1803 ex
1452 1758 1667 1820 Euripide

271 1836 416 1874 autem
452 1829 623 1874 Ennius
660 1828 1036 1882 Andromacham,
1067 1828 1285 1873 Pacuvius
1322 1829 1577 1888 Antiopam,
1611 1844 1665 1873 ex

270 1898 495 1959 Sophocle
520 1915 626 1943 vero
663 1899 804 1944 Attius
826 1899 1059 1960 Epigonos
1094 1899 1136 1943 in
1158 1898 1364 1942 Latinum
1402 1895 1662 1959 convenio:

268 1983 356 2011 non
408 1975 554 2014 tamen
615 1968 829 2026 sequitur,
899 1976 944 2012 ut
999 1968 1110 2012 alter
1162 1968 1285 2011 locus
1333 1967 1537 2012 Ciceroni
1589 1983 1664 2012 ea-

270 2035 370 2081 dem
406 2036 538 2083 fuerit
572 2054 678 2082 cura
715 2043 896 2097 arteque
931 2035 1287 2081 conscribendus.
1391 2039 1533 2095 Atque
1564 2041 1667 2080 tan-

269 2114 362 2150 tum
401 2107 549 2160 abest,
585 2114 631 2152 ut
667 2107 897 2150 Ciceronis
932 2107 1079 2150 locum
1115 2105 1172 2148 de
1208 2105 1307 2148 Fin.
1344 2105 1386 2157 1,
1426 2106 1471 2147 2.
1520 2106 1666 2164 negli-

268 2182 430 2235 genter
459 2177 663 2237 scriptum
699 2175 953 2229 iudicemus,
990 2183 1036 2219 ut
1071 2174 1347 2225 Ciceronem,
1383 2173 1499 2233 quod
1522 2173 1667 2219 dictu-

266 2260 342 2289 rus
377 2243 531 2299 fuerit,
587 2245 751 2305 optime
785 2244 945 2289 dixisse
979 2244 1250 2288 arbitremur.
1348 2244 1391 2288 Is
1428 2244 1541 2289 enim
1578 2260 1664 2303 quo

267 2314 411 2374 magis
441 2329 519 2358 eos
554 2320 737 2375 pungat,
771 2314 844 2374 qui
879 2315 1070 2367 Graece,
1107 2328 1192 2357 non
1217 2329 1320 2358 vero
1344 2313 1504 2357 Latine
1527 2313 1663 2372 scrip-

266 2458 302 2490 h·
329 2471 361 2493 e.
392 2470 425 2492 a.
452 2457 535 2495 595.
562 2456 667 2502 (vid.
695 2470 805 2504 supra
831 2471 869 2503 p.
896 2456 949 2501 8.)
975 2458 1211 2503 superstitem
1235 2456 1349 2489 fuisse
1374 2454 1462 2490 inde
1489 2462 1665 2503 apparet,

266 2505 366 2550 quod
389 2506 496 2541 huius
522 2507 663 2542 obitum
690 2507 991 2542 commemoravit
1015 2504 1110 2547 (vid.
1137 2503 1355 2537 Suetonium
1381 2502 1407 2537 l.
1439 2503 1464 2537 l.
1493 2502 1582 2549 Cap.
1609 2504 1663 2546 5.)

267 2565 314 2571 -
360 2552 569 2597 Librorum,
588 2565 681 2599 quos
707 2554 768 2587 hic
797 2554 1030 2597 conscripsit,
1052 2559 1086 2585 et
1111 2562 1247 2583 nomen
1275 2558 1310 2583 et
1335 2563 1526 2584 numerum
1551 2552 1663 2596 igno-

266 2608 402 2629 ramuS.
482 2598 611 2646 Neque
655 2602 752 2634 enim
787 2606 1008 2645 propterea,
1059 2596 1160 2643 quod
1193 2596 1342 2630 Licinus
1387 2610 1467 2631 cum
1494 2599 1664 2632 universe

263 2644 397 2689 poesin
422 2644 633 2690 Romanam,
658 2652 735 2680 tum
757 2646 921 2691 singulos
948 2653 1074 2692 poetas
1104 2651 1312 2690 persecutus
1332 2651 1398 2686 est,
1426 2644 1663 2679 VVeichertus

264 2698 301 2725 ct
327 2688 491 2725 Orolh’us
516 2691 700 2728 debebant
726 2705 933 2728 asseverare
961 2695 1036 2727 eius
1065 2692 1201 2726 librum
1226 2690 1300 2734 „de
1317 2688 1467 2737 poetis“
1500 2692 1663 2737 inscrip-

262 2745 340 2772 tum
360 2737 487 2781 fuisse,
516 2750 589 2782 quo
606 2740 730 2774 indice
761 2752 850 2775 sane
877 2747 953 2774 erat
977 2741 1007 2774 is
1032 2740 1148 2782 liber,
1175 2750 1282 2783 quem
1311 2737 1440 2772 eodem
1465 2737 1542 2773 fere
1567 2745 1665 2773 iem-

265 2795 354 2827 pore
381 2784 544 2819 confecit
568 2784 759 2820 Vulcatius
786 2786 992 2833 Sedigitas,
1030 2786 1075 2821 de
1110 2796 1184 2831 quo
1218 2783 1354 2817 videsis
1380 2783 1608 2829 Madvigium
1639 2784 1665 2822 l.

263 2830 289 2866 l.
314 2843 351 2877 p.
382 2831 485 2876 107.,
513 2830 770 2868 vveichermm
793 2833 818 2867 1.
840 2833 866 2869 l.
892 2847 931 2880 p.
957 2832 1059 2877 14o.,
1099 2830 1289 2866 osannam
1314 2830 1424 2865 Anal.
1455 2833 1600 2879 crit.·p.
1630 2829 1662 2864 3.
