1877 2989
842 224 1103 264 -4-

270 346 408 394 ctus.“
487 343 580 389 Iam
627 356 730 389 vero
767 357 864 389 cum
906 358 950 391 a.
980 342 1094 399 570.
1131 343 1187 389 U.
1223 359 1259 389 c.
1304 342 1415 391 duas
1457 342 1674 395 colonias,
1735 377 1738 379 -

271 416 506 461 Pisaurum
541 412 588 459 in
624 411 844 460 Gallicum
881 427 1039 473 agrum
1053 445 1066 467 ,
1101 412 1349 462 Potentiam
1384 413 1429 459 in
1463 413 1677 459 Picenum

271 483 485 530 deductas
522 496 622 527 esse
658 487 832 531 constet
864 497 919 527 ex
951 481 1065 529 Vell.
1099 482 1275 544 Patere.
1314 480 1357 535 1,
1389 480 1467 526 15.
1502 488 1547 529 et
1578 481 1675 528 Liv.

273 553 354 607 39,
391 551 483 606 44„
520 550 788 597 difficile-est
818 550 1081 611 intelligere,
1116 548 1337 610 quomodo
1371 549 1484 612 inter
1501 566 1579 596 eos
1598 565 1679 599 oo-

273 622 400 667 lonos
434 620 577 667 Attius
612 635 710 666 esse
740 621 958 680 potuerit,
1019 635 1148 679 quem
1183 614 1481 680 Hieronymus
1514 618 1671 664 eodem

274 691 375 737 loco
409 706 451 746 a.
487 689 599 735 584.
633 689 677 734 h.
715 703 754 733 e.
791 687 1123 749 quartodecimo
1159 704 1273 734 anno
1318 694 1419 749 post
1460 687 1675 735 coloniam

276 758 512 811 deductam
545 764 693 804 natum
728 773 828 808 esse
863 765 1023 806 narrat.
1091 753 1332 820 Perspexit
1359 755 1410 803 <id
1444 757 1529 803 iam
1556 757 1674 804 Sca-

273 828 403 891 liger.
450 834 596 882 annot.
638 827 684 873 in
731 827 990 889 Hieronymi
1042 827 1212 883 locum;
1278 826 1487 875 memoria
1529 832 1674 873 autem

275 897 425 959 lapsus
458 903 550 952 est,
594 895 714 957 quod
759 896 974 944 coloniam
1019 912 1059 942 a.
1094 898 1210 943 568.
1276 897 1507 942 Pisaurum
1537 892 1675 940 (ledu-

276 974 393 1012 cvam
426 981 526 1012 esse
572 965 695 1012 dicit.
755 966 1065 1012 Vehementius
1109 966 1239 1010 etiam
1284 965 1447 1012 erravit
1490 962 1703 1012 Bothius‘

274 1026 448 1094 (Poett.
481 1049 627 1080 scenn.
662 1033 783 1078 Latt.
821 1034 899 1086 V.‚
947 1050 991 1094 p.
1030 1034 1141 1078 156.
1177 1030 1333 1092 Not.)‚
1387 1033 1459 1092 qui
1495 1033 1676 1078 colonos

277 1103 512 1149 Pisaurum
545 1119 585 1147 a.
609 1101 722 1146 563.
755 1101 814 1146 U.
850 1117 887 1146 c.
923 1102 1015 1146 sive
1053 1101 1166 1155 191.
1205 1118 1245 1150 a.
1277 1101 1385 1146 Chr.
1404 1101 1559 1146 missos
1577 1114 1677 1146 esse

278 1171 516 1217 contendit.
615 1169 795 1217 Etenim
831 1186 886 1215 ex
929 1170 1099 1217 Velleio
1145 1177 1337 1224 constat,
1390 1169 1676 1229 quadriennio

274 1247 377 1302 post
409 1240 657 1289 Bononiam
685 1239 920 1284 Pisaurum
955 1239 1171 1286 coloniam
1203 1238 1437 1284 deductam
1471 1254 1589 1292 esse,
1632 1238 1674 1284 h.

276 1326 321 1357 e.
357 1325 396 1354 a.
432 1309 545 1355 570.
582 1308 637 1353 U.
669 1323 707 1352 c.
739 1307 831 1352 sive
872 1308 980 1353 184.
1014 1324 1053 1353 a.
1089 1308 1197 1354 Chr.
1264 1307 1388 1355 Idem
1431 1323 1537 1353 vero
1579 1307 1672 1352 Bo-

274 1377 391 1424 thius
425 1384 475 1424 ut
518 1382 672 1423 contra
705 1376 771 1421 rei
803 1375 938 1422 fidem
970 1376 1074 1422 Attii
1108 1376 1276 1422 natales
1321 1392 1435 1422 anno
1471 1376 1581 1422 582.
1615 1376 1672 1422 U.

275 1463 315 1493 c.
352 1447 464 1492 1⁷2.
499 1463 539 1493 a.
569 1446 678 1492 Chr.
713 1443 965 1506 adscripsit,
999 1446 1061 1491 ita
1093 1445 1250 1492 falsum
1284 1453 1374 1498 est,
1394 1446 1528 1504 ,quod
1565 1461 1671 1506 poe-

274 1523 366 1562 tam
408 1531 507 1561 eum
547 1521 647 1577 post
684 1514 901 1561 coloniam
949 1513 1185 1561 deductam
1223 1514 1494 1577 undeviginti
1534 1527 1675 1561 annos

273 1591 424 1632 natum
457 1600 555 1631 esse
585 1584 745 1630 statuit.
890 1630 893 1633 ,

441 1654 547 1699 Iure
575 1653 713 1714 igitur
746 1668 801 1698 ea
843 1653 1107 1715 Hieronymi
1145 1654 1278 1699 verba
1310 1654 1354 1701 in
1397 1652 1450 1698 L.
1487 1651 1674 1709 Attium,

276 1737 407 1783 quem
440 1724 514 1769 ille
551 1738 592 1769 a.
626 1717 739 1768 584.
776 1728 924 1768 natum
958 1739 1057 1769 esse
1091 1714 1262 1778 narret,
1332 1723 1564 1769 convenire
1598 1739 1674 1768 ne-

273 1798 450 1852 garunt.
555 1792 671 1837 Cum
707 1807 811 1836 vero
858 1788 1020 1837 Cicero
1056 1808 1107 1838 se
1151 1807 1270 1838 cum.
1291 1793 1346 1837 L.
1379 1792 1497 1838 Attio
1541 1799 1672 1853 poeta

274 1861 453 1922 saepius
488 1859 752 1905 collocutum
782 1875 881 1905 esse
914 1860 1084 1915 tradat,
1133 1861 1180 1906 id
1212 1868 1357 1908 autem
1391 1861 1434 1905 in
1471 1861 1534 1906 L.
1562 1862 1671 1922 Atti-

271 1945 367 1984 um,
402 1930 476 1990 qui
510 1929 625 1974 inter
658 1928 838 1973 colonos
875 1945 914 1974 a.
949 1930 1066 1975 570.
1102 1930 1333 1976 Pisaurum
1368 1929 1582 1992 deductus
1602 1930 1672 1983 sit,

274 1998 434 2043 cadere
469 2014 557 2043 non
591 1997 750 2058 possit:
783 1998 947 2057 primus
980 1998 1106 2053 inde,
1137 2000 1254 2059 quod
1284 1999 1434 2053 sciam,
1465 1998 1550 2042 Lil.
1571 1999 1672 2059 Gy-

271 2065 420 2130 raldus
462 2066 643 2126 Dialog.
673 2065 795 2112 VIII.
834 2067 950 2127 opp.
997 2067 1067 2112 ed.
1111 2068 1280 2113 Iensiu's
1325 2084 1366 2128 p.
1408 2060 1524 2112 420.
1559 2066 1670 2113 duos

270 2135 430 2180 vixisse
461 2135 517 2180 L.
555 2136 696 2182 Attios
724 2141 878 2193 poetas
911 2132 1082 2190 effecit,
1117 2136 1300 2182 alterum
1334 2137 1562 2192 maiorem,
1597 2137 1670 2198 qui

271 2204 440 2249 colonis
474 2204 558 2250 illis
591 2202 853 2259 interfuerit,
888 2205 1097 2250 minorem
1132 2206 1329 2263 alterum,
1363 2206 1437 2267 qui
1472 2206 1530 2252 D.
1555 2205 1669 2252 Bru-

268 2273 301 2317 ti
330 2272 553 2319 familiaris
589 2272 818 2318 Ciceronis
852 2281 1049 2335 tempore
1073 2276 1283 2321 floruerit.
1374 2276 1444 2334 ‘At
1481 2289 1586 2320 vero
1630 2276 1666 2320 si

267 2341 356 2387 duo
391 2341 573 2392 fuissent
606 2341 710 2387 Attii
741 2348 924 2402 poetae,
975 2344 1141 2405 antiqui
1173 2346 1409 2406 scriptores
1437 2349 1669 2404 utrumque

268 2418 393 2457 certo
440 2411 632 2473 quodam
656 2409 973 2458 'additamento
1018 2411 1088 2459 vel
1133 2413 1396 2474 cognomine
1440 2411 1668 2459 distinxis-

267 2486 375 2526 sent.
479 2481 612 2541 Atqui
656 2487 828 2527 veteres
874 2481 931 2527 ad
967 2496 1101 2526 unum
1136 2498 1286 2529 omnes
1315 2484 1358 2528 in
1393 2482 1575 2544 simplici
1608 2483 1663 2529 L.

263 2548 370 2592 Attii
407 2560 564 2608 poetae
598 2548 891 2611 appellatione
929 2550 1215 2598 consentiunt.
1317 2551 1478 2613 Neque
1518 2552 1661 2614 magis

262 2615 469 2662 audiendi
502 2626 599 2666 sunt
634 2617 874 2665 Forcellini
913 2617 1023 2666 Lex.
1067 2620 1169 2667 Lat.
1207 2637 1241 2667 s.
1274 2638 1313 2667 v.
1348 2628 1394 2668 et
1422 2620 1663 2682 Koepkeus

259 2686 481 2746 Prolegg.
514 2688 557 2731 iu
592 2689 739 2734 Plauti
773 2684 884 2733 ffers.
922 2688 1073 2735 Germ.
1105 2707 1148 2751 p.
1168 2688 1302 2744 LVI„
1338 2692 1409 2751 qui
1426 2688 1536 2735 duos
1555 2705 1662 2750 poe-

260 2760 327 2800 tas
355 2755 418 2802 ita
452 2754 763 2804 discernendos
789 2762 1020 2818 putarunt,
1077 2767 1125 2806 ut
1155 2758 1210 2805 L.
1245 2759 1406 2808 Attium
1450 2758 1660 2806 maiorem
