1877 2989
767 179 1054 229 923.-

203 303 399 355 Attianus
431 309 678 359 recenseet3
714 316 814 350 nam
848 299 966 361 quod
991 291 1262 351 ‚Welckerus‘
1288 296 1394 352 olim
1423 299 1468 350 io
1506 301 1589 349 Ae-

200 371 352 432 sohyl,
376 371 487 417 Tril.
522 389 564 434 p.
599 378 642 419 5.
682 373 798 423 Attio
841 369 1073 429 adscripsit
1112 367 1355 423 Briseidem
1399 376 1445 423 et
1470 367 1587 420 ibid.

199 459 241 503 p.
273 439 390 489 601.
443 438 521 499 (in
554 440 752 501 00er.)
788 440 965 501 poetam
999 438 1214 499 tragicum
1249 438 1445 490 confudit
1485 454 1585 487 cum

198 510 316 556 Attio
349 510 562 559 Labeone
605 508 720 569 (cfr.
755 508 905 556 Sebol.
948 517 993 553 et
1025 508 1210 568 interpp,
1245 508 1289 553 in
1321 508 1448 559 Pers.
1488 509 1582 555 Sat.

198 579 242 632 1,
274 580 380 635 50.;
418 580 617 628 Werusd.
651 580 780 625 Poet.
812 577 913 623 min.
945 578 1022 631 IV,
1059 578 1171 622 577.
1205 575 1341 637 sqq),
1369 577 1456 624 iam
1489 578 1584 638 ipse

196 647 365 697 videtur
392 664 616 709 respuere,
650 663 749 696 cum
782 647 896 695 libro
917 646 974 692 de
994 645 1242 707 tragoediis
1256 647 1420 697 Graec,
1443 643 1581 706 (Mus.

195 717 283 765 Rh.
319 717 550 776 Supplem.·
574 714 659 776 H.)
693 723 739 761 et
770 733 813 776 p.
849 716 978 760 1384Ι
1007 733 1099 775 sqq.
1130 716 1243 760 inter
1275 715 1381 765 Attii
1411 715 1581 768 fibulas

192 783 415 831 Briseidos
437 799 594 834 nomen
617 785 788 835 omittat
809 792 855 831 et
881 802 924 845 p.
946 784 1091 831 1394.
1116 800 1365 844 cognomen
1393 784 1580 845 Brysaei

192 849 363 898 erudite
397 853 596 914 explicet.

328 922 498 968 Errore
527 922 631 968 item
665 923 785 973 Attio
811 922 1040 973 adcenseri
1079 922 1360 970 Dulorestem
1397 927 1580 982 tragoe-

191 991 307 1037 diam
344 992 428 1036 iam
459 991 561 1037 inde
594 1000 801 1052 apparet,
835 991 952 1051 quod
986 992 1181 1044 Nonius,
1226 991 1299 1052 qui
1332 1007 1431 1039 eam
1469 1006 1576 1036 uuus

190 1066 525 1113 commemorat,
551 1061 715 1106 eadem
753 1077 863 1121 quae
899 1077 954 1106 ex
990 1061 1172 1108 Pacuvii
1207 1061 1445 1106 Duloreste
1480 1075 1575 1104 ver·

187 1130 242 1174 ba
278 1129 435 1181 affert,
481 1129 621 1173 altero
661 1130 759 1174 loco
796 1131 901 1175 Attii
934 1130 1186 1189 cognomini
1228 1129 1402 1174 fabulae
1441 1128 1574 1179 dedit.

189 1198 332 1247 Quam
364 1196 421 1239 ob
450 1211 543 1241 rem
578 1197 662 1241 iam
700 1198 854 1243 Burm.
891 1198 933 1241 in
973 1198 1101 1243 Ovid„
1139 1197 1276 1242 Trist.
1313 1195 1360 1249 2,
1399 1196 1511 1241 393.
1533 1205 1578 1241 et

188 1265 430 1311 Kordesius
459 1265 487 1311 1.
521 1265 547 1310 l.
582 1283 624 1326 p.
647 1266 726 1311 35.
760 1266 873 1315 hanc
907 1267 1008 1312 Attii
1042 1265 1231 1311 fabulam
1260 1266 1304 1311 iu
1341 1265 1577 1314 dubitatio-

188 1351 288 1380 nem
324 1341 544 1382 vocarunt.
625 1334 731 1385 Mihi
765 1337 979 1395 reputanti
1017 1336 1266 1383 altissimum
1307 1334 1423 1395 apud
1457 1342 1574 1380 vete-

186 1421 258 1451 res
295 1404 353 1456 de
384 1404 489 1450 Attii
522 1404 758 1451 Duloreste
790 1406 1006 1451 silentium
1049 1406 1158 1452 baec
1196 1404 1364 1451 videtur
1403 1404 1485 1453 soli
1513 1404 1571 1450 li-

187 1474 428 1518 brariorum
465 1473 620 1533 culpae
654 1474 819 1519 deberi.
869 1474 938 1520 vId
970 1476 1143 1535 planum
1179 1475 1283 1527 erit,
1329 1475 1365 1518 si
1399 1480 1571 1519 utrum-

188 1558 274 1602 que
308 1541 442 1588 Nonii
476 1542 620 1587 locum
652 1542 942 1603 adscripsero.
1007 1544 1060 1588 In
1092 1543 1278 1602 vulgatis
1298 1543 1411 1588 enim
1445 1542 1571 1588 buius

187 1611 461 1671 grammatici
497 1611 616 1656 libris
650 1629 683 1658 s,
720 1631 757 1658 v.
792 1612 997 1658 fatiscere
1021 1628 1069 1672 p.
1101 1611 1218 1657 307.
1255 1612 1316 1657 Μ.
1357 1611 1467 1657 baec
1500 1611 1571 1657 le-

186 1687 350 1740 guntur
391 1680 631 1733 „fatiscere
680 1689 746 1725 est
792 1683 966 1742 aperire
1008 1679 1065 1743 <⁶3
1085 1680 1271 1726 fortasse
1304 1680 1565 1740 legendum:

187 1746 384 1810 perire),
416 1765 586 1795 rursum
622 1750 828 1797 deficere.
887 1752 1051 1797 >Accius
1085 1750 1476 1812 Epinausimacbe:
1508 1759 1572 1795 ta-

188 1833 288 1863 men
325 1817 442 1864 haud
478 1818 674 1873 fatiscat,
720 1821 821 1879 quin
855 1826 974 1866 tuam
1003 1820 1229 1879 implorem
1265 1819 1412 1864 fidem.
1480 1820 1572 1863 Pa-

187 1887 333 1932 cuvius
366 1886 623 1932 Duloreste:
661 1895 707 1933 ut
742 1888 777 1932 si
810 1889 870 1933 ita
904 1894 1002 1933 sunt
1035 1887 1273 1947 promerita
1304 1895 1461 1940 vestra,
1497 1902 1570 1933 ae-

189 1956 421 2017 quiparare
452 1963 498 2001 ut
528 1972 700 2015 queam,
736 1971 904 2009 vereor,
939 1957 1019 2001 nisi
1054 1970 1272 2015 nunquam
1293 1955 1470 2009 fatiscar
1504 1955 1569 2000 fa-

189 2041 317 2079 cere,
353 2024 470 2084 quod
507 2026 660 2084 quibo,
694 2027 839 2071 boni.“
894 2026 1043 2073 Altero
1078 2026 1176 2072 loco
1211 2042 1245 2071 s.
1282 2044 1323 2072 v.
1357 2025 1572 2072 fatiscun-

190 2099 263 2138 tur
298 2111 339 2154 p.
372 2094 485 2138 479.
517 2094 576 2139 Μ.
612 2094 722 2139 haec
756 2102 926 2140 exstant
960 2096 1146 2149 „Accius
1179 2095 1571 2155 Epinausimacbe:

185 2169 332 2208 tamen
367 2162 484 2209 haud
517 2162 706 2217 fatiscat,
744 2165 844 2224 quin
866 2174 984 2211 tuam
1017 2165 1243 2226 implorem
1271 2164 1418 2210 fidem.
1460 2164 1574 2209 Var-

188 2246 239 2277 ro
274 2233 416 2292 Antiq.
449 2232 562 2276 hum.
597 2233 692 2278 libr.
722 2234 865 2278 XIV.:
906 2235 1045 2279 altera
1079 2236 1139 2280 ita
1179 2241 1224 2279 et
1253 2235 1391 2279 altera
1425 2233 1571 2279 vulne-

188 2301 308 2347 ribus
341 2301 608 2347 fatiscuntur.
678 2303 834 2348 Accius
863 2303 1127 2350 Duloreste:
1191 2318 1366 2357 vereor,
1425 2303 1461 2348 si
1497 2316 1574 2346 un-

188 2386 317 2429 quam
351 2371 528 2416 fatiscat
561 2370 732 2424 facere,
801 2371 920 2431 quod
955 2374 1111 2431 quibo,
1168 2373 1313 2417 boni.“
1417 2373 1576 2430 Neque

189 2439 302 2485 enim
338 2440 511 2493 dubito,
556 2442 660 2500 quin
697 2440 753 2486 ad
790 2441 1004 2501 passivum
1038 2440 1265 2485 fatiscendi
1300 2441 1420 2484 verbi
1452 2455 1577 2486 usum

186 2509 459 2568 probandum
504 2526 530 2554 a
573 2511 720 2555 Nonio
763 2511 881 2556 solus
913 2510 1122 2556 Varronis
1170 2510 1293 2554 locus
1336 2509 1580 2571 adscriptus

187 2577 269 2631 sit,
314 2578 478 2624 librarii
513 2585 682 2633 autem,
731 2594 829 2624 cum
866 2579 1179 2631 meminissent,
1226 2578 1425 2625 eiusdem
1460 2579 1579 2623 verbi

103 2699 109 2703 ἱ
186 2646 271 2691 iam
307 2664 438 2709 supra
473 2647 602 2694 allata
637 2663 734 2693 esse
769 2650 988 2709 exempla,
1033 2664 1086 2692 ea
1125 2649 1370 2707 posteriore
1402 2649 1500 2692 loco
1535 2648 1579 2691 in

187 2718 388 2778 margine
440 2719 754 2781 apposuerint„
829 2719 956 2771 Quae
1002 2733 1100 2764 cum
1144 2718 1217 2766 alii
1254 2719 1396 2772 initio,
1433 2716 1507 2764 alii
1538 2716 1584 2762 in
