1877 2989
826 267 1119 311 ...38-

266 385 295 428 l.
317 384 346 427 l.
373 385 601 444 leguntur,
638 387 742 432 Attii
773 404 860 433 non
891 404 989 432 esse
1017 405 1150 449 supra
1185 390 1272 434 iam
1299 392 1505 448 vidimus3
1552 395 1660 438 alte-

264 466 359 497 rum
382 458 527 499 autem
550 452 873 518 fragmentum,
908 457 1026 519 quod
1061 458 1141 504 sibi
1172 460 1421 521 repperisse
1449 463 1562 509 visus
1594 470 1660 509 est

261 520 381 566 idem
414 523 643 587 Scaliger,
679 527 931 572 coniectura
958 544 1044 572 non
1083 528 1318 574 admodum
1350 533 1564 590 probabili
1600 532 1658 577 ad

261 588 375 635 hanc
407 591 600 640 fabulam
638 595 838 642 refertur.
902 597 1080 643 Etenim
1110 598 1228 659 quod
1258 606 1326 646 est
1354 600 1471 660 apud
1492 602 1657 648 Varro-

259 674 361 705 nem
382 660 438 705 L.
459 662 635 725 L.V11.
657 666 735 709 88.
764 665 822 709 M.
845 682 888 726 p.
911 666 990 711 97.
1021 668 1120 729 Bip.
1149 669 1305 727 „quod
1337 670 1451 716 enim
1477 670 1528 715 fit
1559 672 1655 736 rite,

260 727 307 773 id
332 735 475 776 ratum
500 749 554 778 ac
578 740 745 779 rectum
765 741 855 789 est;
890 736 946 779 ab
979 752 1034 780 eo
1054 738 1231 790 Accius:

625 805 637 810 ”
844 812 967 851 recte
995 807 1199 866 perfectis
1234 807 1370 853 sacris

572 871 679 916 Volt
713 873 853 934 accipi
866 876 894 897 ‘⁶

260 950 360 982 cum
385 937 591 997 Scaliger
623 941 666 985 in
689 942 818 987 Varr.
851 942 910 987 Π.
944 959 986 1003 p.
1011 941 1129 986 234.
1166 942 1264 1003 Bip.
1286 943 1418 1003 plane
1448 942 1655 1005 Sophocl.

255 1004 426 1051 Trach.
455 1025 493 1052 v.
521 1009 623 1052 287
642 1025 737 1068 sqq.
768 1011 1039 1070 respondere
1069 1011 1378 1067 arbitraretur,
1414 1015 1580 1059 Attium
1598 1029 1654 1059 ex

256 1073 485 1133 Sophocle
514 1076 777 1123 Trachinias
821 1081 1001 1124 vertisse
1032 1080 1203 1134 statuit,
1247 1096 1434 1141 eumque
1467 1080 1653 1128 Bothius

255 1150 431 1190 secutus
464 1151 553 1202 θεῖς
597 1163 741 1208 neque
773 1163 880 1194 vero
899 1149 1003 1196 Attii
1038 1149 1172 1195 verba
1211 1150 1256 1195 in
1293 1150 1360 1197 his
1394 1150 1652 1214 Sophocleis

258 1215 522 1272 agnoveris:
1301 1259 1304 1262 Α

465 1279 618 1330 αὐτὸν
645 1281 691 1330 δ’
714 1282 918 1341 ἐκεῖνον,
953 1280 1047 1332 εὖτ’
1071 1281 1132 1334 ἃν
1150 1282 1278 1349 obruo?
1295 1283 1506 1350 θνῠματα

461 1350 569 1414 ῥέξῃ
588 1348 809 1413 πατρῴῳ
828 1355 946 1413 Ζηνὶ
967 1355 1052 1414 τῆς
1071 1351 1314 1410 ἁλώσεως,

464 1417 635 1480 φρόνει
654 1434 732 1466 νιν
761 1416 827 1472 ὥς
845 1413 1036 1480 ἥξοντα.

394 1486 525 1531 Haec
559 1489 598 1533 si
622 1505 650 1534 a
670 1488 796 1533 nobis
838 1499 962 1537 recte
992 1498 1093 1537 sunt
1118 1491 1360 1555 disputata,
1395 1500 1561 1544 certum
1582 1504 1649 1545 est

252 1554 309 1598 ab
341 1555 465 1600 Attio.
496 1571 583 1602 non
619 1558 890 1619 conscriptas
923 1577 1023 1606 esse
1054 1562 1331 1610 Trachinins.
