1877 2989
794 204 1085 249 ...27-

248 327 303 372 tis
333 334 383 370 se
411 322 618 370 delectari
651 323 897 378 affirmant,
931 323 987 368 ab
1009 319 1089 366 his
1124 337 1172 367 se
1204 328 1433 384 tantopere
1467 320 1640 368 dissen-

247 396 329 440 tire
347 393 482 447 dicit,
516 401 565 439 ut
597 410 684 440 non
703 394 869 447 solum,
903 393 976 451 qui
993 392 1176 437 Caecilii
1200 393 1489 453 Terentiique
1512 408 1640 453 prae-

248 464 390 510 claras
423 463 592 510 fabulas
625 463 804 509 minoris
837 462 1021 515 faciant,
1055 478 1184 522 quam
1205 462 1434 508 Menandri
1469 477 1641 523 cogno-

240 525 388 579 mines
419 533 684 586 comoedias,
718 532 915 576 inimicos
948 547 1089 593 paene
1121 532 1315 576 Romani
1345 533 1530 576 nominis
1558 533 1639 576 ha-

249 603 375 657 beat,
404 602 492 650 sed
525 602 654 658 etiam
691 600 827 647 Attilii
861 599 1108 653 Electram,
1147 616 1205 645 ex
1237 600 1530 646 laudatissima
1555 601 1641 647 So-

247 672 415 734 phoclis
447 672 594 717 fabula
628 670 743 715 male
776 670 878 715 licet
912 686 1180 722 conversam..
1214 677 1374 723 tamen,
1410 671 1512 730 quia
1544 670 1637 716 La-

246 743 336 787 tina
366 742 445 795 sit,
481 741 759 801 Sophocleae
791 740 1026 802 praeferat.
1096 740 1209 785 Eam
1255 741 1511 786 sententiam
1548 740 1638 786 noli

244 811 389 854 mirari
426 825 453 856 a
488 810 721 854 Cicerone·
744 825 843 855 esse
881 810 1039 862 latam,
1105 810 1178 869 qui
1224 810 1353 854 nimio
1399 811 1637 869 patriarum

243 879 483 924 litterarum
517 893 667 923 amore
702 887 858 938 captus
891 880 1118 923 Romanos
1150 880 1193 922 in
1228 879 1353 938 poesi
1394 879 1463 922 vel
1494 879 1638 922 Grae-

246 948 312 991 cis
342 946 670 1007 anteponendos
706 963 806 992 esse
839 947 1065 1006 iudicavit3
1112 946 1188 992 cfr.
1237 947 1377 994 Tusa.
1417 946 1458 1001 1,
1496 947 1539 1000 1,
1583 945 1642 991 de

245 1016 371 1061 Orat.
407 1016 452 1069 3,
490 1018 536 1061 7.
569 1016 846 1061 Weicbertus
883 1023 1026 1065 autem
1062 1016 1289 1061 Ciceronis
1331 1016 1376 1060 in
1422 1015 1637 1060 eiusmodi

243 1086 374 1129 rebus
407 1090 543 1130 artem
580 1100 815 1144 curamque
848 1084 1134 1145 praedicans,
1207 1085 1287 1129 sibi
1330 1085 1425 1144 ipse
1461 1093 1636 1129 contra-

244 1153 393 1207 dicit,
429 1153 547 1212 quod
578 1160 667 1198 tam
702 1154 957 1214 diligentem
987 1161 1116 1213 atque
1150 1154 1402 1212 elegantem
1450 1154 1638 1214 scripto-

240 1237 333 1266 rem
369 1222 582 1267 dicturum
617 1222 750 1267 fuisse
786 1223 1051 1274 arbitratur,
1090 1222 1282 1267 Attilium
1319 1224 1638 1267 convertis·

244 1306 304 1335 se
337 1307 391 1335 ex
424 1291 644 1351 Sophocle
678 1291 922 1344 Electram,
961 1291 996 1335 si
1029 1291 1141 1335 illius
1177 1290 1324 1335 sabula
1345 1307 1430 1335 non
1460 1301 1639 1349 tragoe-

244 1359 340 1412 dia,
375 1358 453 1404 sed
490 1360 717 1404 comoedia
761 1359 924 1405 fuisset.
1032 1360 1148 1404 Cum
1194 1360 1330 1420 igitur
1364 1360 1498 1404 Attilii
1532 1360 1639 1407 Ele-

244 1433 381 1472 ctram
416 1427 691 1487 tragoediam
725 1428 856 1473 fuisse
886 1433 1052 1472 certum
1091 1429 1170 1481 sit,
1220 1428 1383 1487 optime
1420 1443 1469 1471 se
1507 1428 1638 1473 habet

242 1495 378 1541 Attilii
424 1511 581 1540 nomen
622 1497 752 1540 etiam
797 1498 841 1541 in
877 1497 1057 1542 sueton.
1096 1497 1171 1541 vit.
1221 1497 1351 1541 Caes.
1401 1497 1514 1557 Cap.
1551 1498 1639 1543 84.

243 1564 386 1618 „inter
419 1563 545 1610 ludos
584 1571 757 1610 cantata
801 1572 899 1610 sunt
945 1564 1161 1624 quaedam
1198 1565 1253 1609 ad
1298 1565 1639 1611 misericordiam

244 1640 291 1678 et
322 1633 526 1679 invidiam
560 1634 707 1679 caedis
759 1635 851 1680 eius
888 1633 957 1690 (b.
988 1650 1027 1679 e.
1065 1631 1296 1694 Caesaris)
1331 1635 1642 1681 accommoda-

198 1753 201 1754 7
247 1710 295 1749 ta
318 1718 372 1748 ex
396 1703 578 1748 Pacuvii
614 1706 843 1749 Armorum
878 1703 1061 1748 iudicio:

286 1786 289 1789 ·
345 1772 459 1817 Men'
495 1776 717 1827 servasse,
771 1781 817 1819 ut
852 1781 1020 1826 essent,
1067 1772 1139 1833 qui
1170 1788 1241 1817 me
1279 1772 1545 1833 perderent?

244 1847 303 1886 et'
321 1856 374 1885 ex
399 1841 579 1887 Electra
603 1843 735 1887 Attilii
772 1842 828 1887 ad
858 1843 1037 1887 similem
1063 1843 1318 1887 sententiam
1330 1846 1375 1896 ;“
1414 1849 1560 1903 aptum
1586 1859 1641 1888 ex

246 1909 478 1969 Sophoclis
512 1910 692 1955 Electra
710 1910 852 1955 locum
891 1911 976 1954 iam
1011 1910 1215 1954 indicavit
1243 1910 1470 1968 Langeus.
1508 1911 1639 1959 vind.

245 1986 359 2042 trag.
396 1978 525 2024 Rom.
559 1996 600 2039 p.
639 1979 715 2024 41.
751 1980 855 2024 Not.
896 1979 974 2024 54.
1046 1979 1117 2023 Eo
1162 1979 1355 2023 Suetonii
1403 1980 1502 2024 loco
1546 1980 1642 2043 ple-

249 2049 374 2107 rique
406 2049 522 2108 iique
556 2049 705 2109 optimi
734 2048 879 2094 Codd.
917 2049 1109 2102 „Attilii“
1130 2064 1301 2099 nomen,
1340 2050 1534 2094 nonnulli
1565 2067 1642 2111 pe-

251 2117 355 2162 ioris
392 2125 521 2162 notae
564 2116 747 2171 „Accii“
793 2118 861 2163 vel
906 2152 932 2174 ‚,
949 2118 1049 2164 Attii
1062 2120 1089 2141 “
1125 2118 1379 2179 scripturam
1417 2121 1642 2179 praebent.

251 2186 318 2231 Ibi
353 2199 458 2230 vero
493 2202 591 2231 cum
628 2187 685 2233 de
719 2187 948 2234 comoedia
983 2188 1101 2234 nullo
1135 2188 1265 2233 modo
1301 2190 1438 2249 possit
1473 2189 1641 2249 cogita-

249 2256 310 2308 ri,
348 2255 621 2300 Weicbertus
656 2272 788 2301 unam
823 2273 972 2302 veram
1011 2273 1109 2302 esse
1158 2258 1380 2302 contendit
1414 2259 1641 2303 Casaubo-

254 2324 298 2369 ni
334 2325 654 2378 coniecturam,
688 2342 769 2386 pro
806 2327 999 2380 ,‚Attilii“
1030 2327 1256 2372 scribentis
1287 2328 1461 2381 ,‚Attii“.
1528 2328 1642 2373 Eam

251 2400 396 2438 autem
428 2395 522 2440 iure
556 2394 814 2440 damnarunt
847 2403 937 2440 tum
974 2396 1073 2449 viri,
1117 2411 1224 2455 quos
1272 2411 1403 2455 supra
1448 2397 1642 2442 nomina-

250 2463 409 2517 vimuS,
479 2472 569 2510 tum
610 2465 844 2511 Reinesius
889 2466 1015 2511 Varr.
1060 2466 1204 2510 Lectt.
1249 2464 1295 2517 3,
1329 2463 1376 2518 3,
1427 2483 1469 2526 p.
1507 2465 1646 2522 379„

250 2533 431 2577 Vossius
466 2533 528 2577 de
557 2534 703 2580 Poett.
737 2535 856 2579 Latt.
903 2536 1012 2596 Cap.
1043 2533 1102 2586 Ι.,
1144 2551 1184 2594 ρ.
1221 2533 1334 2577 232.
1381 2535 1499 2597 Opp.
1544 2538 1645 2590 Vol,

254 2601 358 2656 ΠΙ.,
391 2602 692 2655 Burmannus,
729 2603 969 2658 Graevius,
1003 2604 1202 2649 Wolfius.
1272 2603 1436 2663 Neque
1470 2613 1646 2666 praeter

256 2672 565 2718 Casaubonum
594 2679 639 2717 et
671 2671 968 2719 Weichertum
1005 2673 1229 2731 quisquam
1254 2673 1479 2719 Electram
1514 2674 1646 2721 fabu-

258 2739 342 2787 lam
379 2740 610 2804 adscripsit
640 2742 782 2797 Attio,
852 2742 972 2787 cuius
1018 2757 1175 2787 nomen
1222 2742 1266 2788 in
1302 2743 1498 2790 Suetonii
1546 2744 1644 2792 loco
