1877 2989
740 229 1065 275 ,³7-

231 367 487 415 quamquam
516 351 559 396 in
592 352 790 396 omnibus
821 352 948 395 bonis
969 347 1113 395 Codd.
1144 348 1351 409 scriptum
1382 357 1449 396 est
1483 352 1618 406 „Ne-

229 438 325 468 mus
356 421 640 481 exspirante“
689 427 735 465 et
764 419 852 465 duo
891 425 1056 464 tantum
1094 418 1339 479 interpolati
1369 420 1466 465 libri
1512 419 1619 481 (cfr.

229 490 429 537 Muelleri
452 490 597 535 Praef.
620 507 661 550 p.
683 488 896 534 XXVIII.
915 489 955 532 l.
977 495 1020 532 et
1036 487 1199 533 XXVI.
1224 486 1294 544 4.)
1312 522 1324 541 ‚
1353 489 1466 535 Cod.
1499 490 1554 535 Β.
1573 497 1619 536 et

231 559 508 619 Cod.,Lips.,
541 559 671 604 Nevii
692 565 736 602 et
758 554 914 602 Naevii
935 557 1191 616 scripturam
1211 557 1428 602 exhibent.
1497 559 1619 609 Qua-

229 634 409 689 propter
424 627 610 673 Bothius
631 627 658 671 l.
679 627 706 671 l.
740 643 780 686 p.
804 626 884 669 94.
918 625 1077 686 fragm.
1114 626 1186 670 17.
1214 633 1258 670 et
1278 626 1538 673 Welckerus
1571 628 1617 673 in

229 696 428 756 Append.
459 696 516 740 ad
546 695 748 755 Aeschyl.
769 694 942 754 Trilog.
972 712 1014 754 p.
1045 693 1125 740 37.
1160 694 1396 740 Naevianis
1424 695 1617 756 reliquiis

230 765 305 811 illa
348 780 434 809 non
473 764 639 809 addere
671 764 923 819 debebant;
975 764 1075 809 wel
1106 764 1238 809 kerus
1271 766 1466 810 e’rrorem
1498 782 1622 811 suum

234 834 414 893 agnovit
438 833 481 876 in
503 834 614 878 Mus.
633 833 778 877 Rhen.
799 833 898 878 Vol.
929 834 981 877 V.
1007 850 1048 892 p.
1076 833 1188 877 469.
1236 833 1440 891 Namque
1460 835 1618 888 Varro,

231 903 331 947 loca
363 901 449 946 dici
477 908 597 946 tesca
628 902 1014 962 comprobaturus,
1055 901 1312 960 fragmentis
1341 902 1423 946 illis
1457 902 1618 960 allatis,

231 972 293 1016 ita
311 971 460 1032 pergit
485 1005 513 1024 „
525 985 661 1031 quare
680 969 814 1025 haec,
850 970 967 1030 quod
988 976 1109 1015 tesca
1138 970 1267 1025 dixit,
1302 986 1388 1015 non
1420 972 1619 1026 erravit‚“

232 1041 306 1084 ubi
341 1055 395 1085 ex
414 1041 563 1086 verbis
596 1073 623 1093 „
637 1040 764 1093 dixit,
802 1041 997 1085 erravit“
1036 1039 1317 1098 intelligimus
1353 1041 1497 1084 omnia
1530 1041 1618 1094 illa,
1654 1063 1663 1067 -

233 1123 347 1167 quae
375 1108 516 1153 attulit
549 1109 717 1160 Varro,
761 1108 884 1152 unius
913 1106 1017 1153 Attii
1042 1123 1151 1152 esse.
1218 1106 1372 1171 Itaque
1403 1123 1500 1153 cum
1526 1109 1619 1153 Bo·

232 1176 334 1229 thii,
366 1183 457 1221 tum
478 1176 717 1220 Duentzeri
735 1177 922 1221 maxime
943 1175 1148 1220 miramur
1173 1176 1513 1235 negligentiam,
1546 1177 1619 1236 qui

238 1245 374 1290 verba
398 1245 462 1291 sic
488 1244 745 1290 constituta:

715 1314 981 1374 Exspirante
1002 1329 1164 1373 vapore
1184 1313 1303 1358 vides

511 1381 643 1427 Unde
676 1381 803 1441 ignes
838 1383 955 1427 cluet
987 1382 1301 1427 immortalibus

511 1451 640 1494 Clam
672 1450 830 1494 divisos
858 1451 1012 1496 doctus
1040 1450 1334 1495 Prometheus
1361 1457 1445 1495 etc.

233 1517 404 1565 Naevio
429 1518 584 1564 iterum
615 1518 787 1563 dederit
812 1520 855 1563 in
886 1520 1224 1564 Zimmermanni
1245 1519 1398 1563 Diario
1431 1518 1616 1565 a.1838.

233 1600 282 1649 p.
321 1588 435 1641 41.;
507 1587 584 1631 cfr.
625 1586 942 1631 Klussmannus
987 1588 1143 1632 Naevii
1188 1586 1363 1646 Reliqq.
1414 1603 1456 1647 p.
1505 1587 1617 1633 183.

235 1657 394 1717 fragm.
425 1656 469 1700 2.
515 1682 586 1691 —-
675 1653 827 1701 Pauca
867 1656 970 1701 mihi
1005 1654 1191 1700 dicenda
1231 1662 1331 1699 sunt
1365 1655 1422 1700 de
1464 1665 1618 1716 quarto

234 1723 511 1785 fragmento,
563 1724 680 1785 quod
711 1725 897 1770 Bothius
926 1724 983 1769 ad
1014 1726 1118 1770 Attii
1146 1724 1458 1770 Prometheum
1488 1726 1621 1786 perti-

235 1810 341 1839 nere
374 1801 536 1839 censet.
606 1795 756 1840 Verba
783 1796 920 1847 enim,
956 1809 1067 1853 quae
1097 1795 1242 1838 Cicer.
1264 1794 1445 1839 Tuscul.
1476 1796 1519 1839 3.
1542 1794 1619 1839 31.

235 1877 290 1907 ex
319 1862 524 1921 Aeschyli
557 1861 826 1906 Prometheo
870 1863 1014 1906 vincto
1058 1862 1167 1920 (cfr.
1209 1862 1425 1906 Stanleius
1455 1863 1483 1907 l.
1516 1863 1545 1907 l.
1577 1880 1620 1924 p.

239 1927 358 1991 12),
394 1930 583 1975 auctoris
609 1931 782 1975 nomine
804 1946 889 1974 non
916 1930 1081 1983 addito,
1121 1931 1487 1985 commemoravit,
1525 1933 1621 1977 sine

236 1999 326 2044 ulla
370 1999 539 2043 ratione
567 1999 683 2043 Attio
736 1998 995 2043 adiudicavit
1037 1998 1246 2050 Bothius;
1305 1998 1462 2044 eodem
1514 2016 1622 2046 sane

234 2068 329 2112 iure
355 2067 616 2113 Welckerus
644 2067 671 2111 l.
699 2067 727 2111 l.
760 2084 802 2126 p.
837 2067 983 2111 1388.
1018 2082 1071 2111 ea
1110 2067 1192 2125 ipsi
1222 2067 1426 2111 Ciceroni
1452 2069 1618 2114 tribuit.

238 2136 365 2186 Quae
386 2135 647 2182 WVelckerus
677 2135 736 2180 ibi
755 2135 926 2196 scripsit
948 2167 972 2193 Η
987 2135 1048 2182 bie
1069 2136 1215 2183 {Bone
1235 2134 1293 2182 bei
1319 2136 1414 2182 Cic.
1444 2136 1499 2181 de
1521 2138 1617 2185 Off.

235 2204 295 2249 Π.
326 2206 368 2250 3.
396 2205 494 2258 13„
524 2204 583 2250 bie
615 2205 691 2250 mit
719 2205 1012 2250 Prometheus
1033 2205 1086 2250 V.
1115 2204 1225 2249 300.
1268 2206 1617 2263 fibereinstimmen,

235 2270 378 2330 mssgen
401 2274 486 2319 bem
508 2273 649 2318 Attius
674 2270 858 2331 gebssren.
894 2274 1055 2334 Lange
1077 2291 1118 2334 p.
1140 2275 1200 2318 36
1219 2290 1281 2314 =
1296 2273 1401 2319 701‘
1438 2291 1491 2320 ea
1525 2276 1618 2320 sine

237 2341 371 2387 dubio
399 2342 510 2387 salsa
545 2350 665 2395 sunt,
703 2358 801 2386 cum
835 2358 978 2401 neque
1005 2344 1162 2397 verba,
1199 2359 1312 2402 quae
1340 2344 1454 2403 apud
1488 2345 1617 2389 Cice-

236 2426 387 2455 ronem
409 2417 599 2463 exstant,
631 2426 728 2454 cum
756 2410 1007 2470 Aeschyleis
1044 2412 1286 2471 comparari
1320 2413 1506 2471 possint,
1541 2428 1620 2457 ne-

237 2496 322 2539 que
338 2481 552 2539 Langeus
579 2479 812 2539 quidquam
833 2479 1001 2527 dixerit.

372 2550 645 2608 Quamquam
667 2549 802 2607 igitur
835 2548 878 2592 in
913 2547 1113 2593 confesso
1141 2555 1206 2592 est
1228 2548 1329 2592 Attii
1351 2548 1486 2593 tuisse
1503 2549 1619 2594 Pro-

235 2617 476 2672 metheum‚
508 2618 772 2663 Trachiniae
799 2624 969 2671 tamen,
1005 2626 1052 2662 ut
1080 2623 1368 2672 revertamur,
1407 2618 1524 2663 unde
1554 2618 1618 2662 di-

238 2687 381 2745 gressi
427 2702 597 2742 sumus,
648 2702 703 2731 ex
745 2685 1013 2731 Attianarum
1039 2685 1281 2731 fabularum
1315 2702 1495 2733 numero
1526 2687 1618 2730 exi-

172 2818 180 2826 ·
237 2755 423 2802 mendae
452 2762 562 2803 sunt.
630 2750 750 2803 'Nam
777 2756 909 2801 verba
942 2755 1037 2810 illa,
1069 2771 1183 2816 quae
1213 2757 1329 2818 apud
1358 2757 1618 2802 Ciceronem
