1877 2989
871 286 1161 329 -34-

305 409 410 455 lum.
477 409 527 453 A.
558 402 634 451 Tu
657 405 835 466 quidem
864 405 1009 453 adhuc
1036 420 1190 463 meam¹
1218 420 1394 466 causam
1430 406 1539 467 agis.
1611 403 1703 463 Sed

307 479 393 524 hoc
411 490 515 522 mox
534 475 698 522 videro.
763 475 996 522 Interea
1026 474 1174 520 unde
1209 475 1309 521 isti
1350 475 1580 521 versus?
1613 490 1701 520 non

308 547 423 593 enim
449 561 658 607 agnosco.
738 544 798 590 Μ.
829 545 990 591 Dicam
1018 545 1189 600 hercle;
1229 539 1390 591 ete‘nim.
1415 552 1538 589 recte
1566 544 1706 604 inqui-

308 617 382 662 ris.
454 614 651 661 Videsne
667 613 893 661 abundare
912 631 987 660 me
1008 615 1129 661 otio?
1160 616 1209 659 A.
1229 613 1348 665 Quid
1370 613 1492 659 tum?
1519 613 1578 658 M.
1596 613 1704 658 Fui-

309 686 364 731 sti
385 700 519 746 saepe
532 718 545 739 ,
583 684 756 739 credo*
781 699 881 731 cum
901 680 1082 731 Athenis
1103 700 1243 737 esses,
1270 684 1315 729 iu
1332 682 1492 729 scholis
1511 682 1704 744 philoso-

306 755 510 817 phorum.
585 757 635 800 A.
665 755 812 808 Vero,
847 770 902 799 ac
930 755 1117 799 libenter
1142 754 1332 814 quidem.
1401 753 1462 797 M.
1496 751 1703 797 Animad-

309 825 512 869 vertebas
533 823 692 883 igitur,
731 825 813 868 etsi
845 829 938 868 tum
960 839 1088 869 nemo
1111 831 1212 869 erat
1229 821 1465 869 admodum
1486 822 1703 883 copiosus,

308 900 606 939 verumtamen
648 908 799 938 versus
833 894 889 938 ab
917 893 970 939 iis
1014 893 1242 939 admisceri
1282 893 1477 938 orationi.
1559 893 1609 937 A.
1642 892 1706 935 Ac

307 962 468 1007 multos
486 961 661 1022 quidem
689 978 716 1008 a
734 962 954 1021 Dionysio
974 963 1138 1008 Stoico.
1208 963 1265 1008 M.
1287 962 1436 1007 Probe
1454 961 1576 1007 dicis.
1612 958 1705 1006 Sed

308 1033 344 1077 is
366 1032 493 1092 quasi
513 1031 700 1085 dictata,
738 1033 857 1076 nullo
886 1032 1070 1085 dilectu,
1113 1032 1230 1076 nulla
1257 1032 1492 1091 elegantia.
1573 1029 1704 1074 Philo

306 1108 458 1146 noster
488 1108 532 1144 et
568 1101 793 1161 proprium
821 1115 1049 1145 numerum
1081 1108 1126 1145 et
1152 1100 1267 1145 lecta
1294 1108 1497 1160 poemata
1529 1099 1704 1143 etloco

307 1169 590 1229 adiungebat.
659 1169 1066 1230 Itaque‘postquam
1088 1168 1286 1215 adamavi
1310 1169 1422 1214 hanc
1451 1167 1573 1228 quasi
1590 1167 1705 1213 seni-

305 1238 393 1284 lem
411 1238 794 1292 declamationem,
827 1239 1021 1284 studiose
1046 1238 1251 1298 equidem
1282 1246 1382 1283 utor
1409 1237 1568 1281 nostris
1596 1251 1704 1297 poe-

307 1308 387 1362 tis;
417 1306 497 1351 sed
515 1307 653 1357 sicubi
672 1307 733 1351 illi
753 1307 1020 1361 defecerunt,
1050 1308 1196 1352 verti
1226 1307 1402 1352 multa
1436 1306 1502 1351 de
1529 1307 1704 1350 Grae-

307 1376 387 1421 cis
399 1408 412 1429 ,
435 1391 500 1420 -ne
522 1391 608 1435 quo
630 1383 891 1421 ornamento
907 1377 951 1420 in
968 1376 1054 1421 hoc
1072 1391 1242 1437 genere
1261 1376 1562 1437 disputationis
1581 1390 1705 1419 care-

307 1452 377 1490 ret
395 1445 557 1489 Latina
576 1446 761 1490 oratio.“
826 1447 955 1490 Haec
977 1446 1163 1501 Cicero;
1193 1445 1294 1491 hinc
1315 1444 1544 1490 manifesto
1565 1460 1702 1505 appa-

303 1521 373 1559 ret
404 1529 556 1559 versus
580 1514 679 1558 illos
699 1516 909 1560 non·Attii
929 1523 1088 1575 poetae
1108 1530 1229 1569 esse,
1264 1515 1343 1560 sed
1371 1514 1432 1560 ab'
1446 1516 1542 1574 ipso
1573 1514 1703 1559 Cice-

305 1597 416 1628 rone
442 1583 602 1627 Latine
618 1583 826 1628 redditos.
896 1585 1041 1644 Atque
1072 1591 1168 1629 tota
1193 1583 1280 1629 iam
1310 1599 1384 1629 res
1412 1582 1468 1628 ad
1491 1581 1702 1643 liquidum

302 1651 516 1712 perducta
539 1660 681 1706 esset,
716 1653 796 1697 nisi
814 1652 1019 1713 Scaliger
1038 1654 1080 1697 in
1101 1653 1229 1699 Varr.
1257 1654 1314 1697 L.
1346 1653 1401 1697 L.
1433 1652 1493 1705 II,
1524 1668 1566 1712 p.
1587 1650 1699 1696 230.

302 1721 402 1781 Bip.
439 1720 556 1765 hunc
593 1722 637 1765 in
677 1720 855 1766 modum
905 1721 1178 1767 disseruisset
1212 1721 1511 1775 „Trachiniae
1548 1736 1701 1766 versae

302 1796 407 1834 sunt
446 1790 501 1833 ab
539 1790 668 1835 Attio.
710 1791 781 1836 Ex
802 1791 967 1850 quibus
997 1792 1156 1836 Cicero
1186 1792 1245 1837 11.
1277 1791 1458 1837 Tuscul.
1493 1790 1700 1836 Herculis

303 1857 389 1903 iam
409 1859 725 1919 propemodum
755 1859 941 1918 depositi
961 1861 1297 1905 exclamationes
1314 1861 1410 1905 illas
1431 1859 1487 1905 ad
1520 1860 1699 1905 verbum

304 1943 358 1973 ex
379 1927 605 1989 Sophocle
626 1944 772 1973 versas
796 1928 989 1975 adducit.
1056 1930 1217 1989 Neque
1243 1937 1388 1975 tamen
1410 1929 1513 1975 Attii
1541 1943 1699 1974 nomen

299 1997 467 2057 posuit,
504 2004 552 2041 ut
570 1997 613 2041 in
643 1998 790 2042 alteris
821 1998 1040 2051 versibus,
1075 2014 1185 2058 quos
1214 2015 1317 2043 mox
1347 1998 1577 2052 adscribit,
1610 2012 1700 2042 non

298 2065 452 2110 laudat
470 2073 691 2110 auctorem
713 2066 875 2111 Attium
905 2067 947 2111 in
976 2067 1273 2121 Prometheo,
1309 2068 1384 2127 qui
1417 2067 1517 2112 illos
1548 2080 1699 2112 versus

298 2134 492 2194 scripsit,
547 2134 625 2179 sed
663 2134 952 2195 Aeschylum,
1005 2152 1059 2180 ex
1092 2152 1180 2195 quo
1222 2136 1284 2180 illi
1328 2135 1524 2180 translati
1573 2140 1699 2189 sunt,

299 2218 400 2247 cum
443 2209 589 2247 tamen
624 2219 722 2248 esse
750 2219 805 2247 ex
834 2203 1104 2247 Prometheo
1138 2205 1242 2268 Attji
1272 2204 1435 2264 aliquot
1475 2204 1610 2249 Nonii
1651 2210 1697 2250 et

296 2270 524 2315 Prisciani
547 2271 715 2316 indiciis
744 2287 1085 2331 cognoscamus,
1130 2274 1204 2332 qui
1235 2273 1333 2326 illa,
1378 2288 1491 2333 quae
1523 2279 1697 2318 exstant

297 2338 416 2398 apud
448 2340 731 2393 Ciceronem,
764 2338 1012 2386 nominatim
1040 2356 1095 2386 ex
1121 2342 1391 2388 Prometheo
1420 2342 1523 2388 Attii
1548 2343 1694 2387 citant.

297 2407 520 2468 Utrasque
548 2425 660 2469 ergo
681 2410 902 2455 versiones
921 2412 1047 2456 unius
1068 2411 1171 2456 Attii
1189 2428 1314 2465 esse,
1345 2412 1447 2456 hinc
1468 2410 1695 2455 manifeste

295 2480 519 2537 apparet.“
591 2479 754 2523 Verum
788 2480 901 2524 enim
923 2496 1025 2525 vero
1051 2496 1149 2525 cum
1174 2481 1335 2526 Cicero
1353 2480 1602 2540 planissime
1621 2495 1694 2526 as-

292 2554 464 2591 severet
506 2563 656 2593 versus
687 2547 785 2593 illos
857 2550 1097 2602 „Titanum
1124 2550 1330 2595 suboles“
1361 2555 1406 2593 et
1438 2565 1479 2608 q.
1518 2565 1608 2610 seq.
1636 2564 1692 2594 ex

290 2615 496 2675 Aeschyli
513 2617 783 2662 Prometheo
803 2632 850 2662 se
868 2618 910 2663 in
931 2618 1117 2678 patrium
1137 2633 1381 2663 sermonem
1405 2619 1690 2672 transtulisse,

291 2698 383 2728 non
417 2685 644 2741 ,debebant
679 2687 841 2746 utique,
876 2687 1041 2732 scilicet
1077 2687 1195 2747 quod
1231 2688 1333 2733 Attii
1367 2703 1541 2747 quoque
1570 2688 1690 2731 Pro-

289 2752 513 2799 metheum
548 2755 680 2800 fuisse
715 2764 849 2801 testes
887 2763 988 2800 sunt
1008 2757 1179 2802 Nonius
1216 2772 1249 2802 s.
1277 2775 1316 2803 v.
1351 2756 1471 2818 gelu,
1505 2772 1550 2818 p.
1575 2756 1689 2801 208.
1727 2790 1733 2793 —

285 2818 346 2865 Μ.
389 2831 434 2869 et
478 2823 730 2871 Priscianus
766 2826 841 2872 VI.
889 2842 932 2885 p.
969 2826 1080 2872 685.
1130 2826 1185 2872 Ρ.
1222 2824 1336 2887 (cfr.
1372 2826 1598 2872 Mercerus
1637 2827 1690 2888 „in
