<?xml version="1.0" encoding="UTF-8"?>
<!DOCTYPE html PUBLIC "-//W3C//DTD XHTML 1.0 Transitional//EN"
    "http://www.w3.org/TR/xhtml1/DTD/xhtml1-transitional.dtd">
<html xmlns="http://www.w3.org/1999/xhtml" xml:lang="en" lang="en">
 <head>
  <title>
</title>
<meta http-equiv="Content-Type" content="text/html;charset=utf-8" />
  <meta name='ocr-system' content='tesseract 3.04.00' />
  <meta name='ocr-capabilities' content='ocr_page ocr_carea ocr_par ocr_line ocrx_word'/>
</head>
<body>
  <div class='ocr_page' id='page_1' title='image "4737171_0015.png"; bbox 0 0 1877 2989; ppageno 0'>
   <div class='ocr_carea' id='block_1_1' title="bbox 599 946 1201 1136">
    <p class='ocr_par' dir='ltr' id='par_1_1' title="bbox 599 946 1201 1136">
     <span class='ocr_line' id='line_1_1' title="bbox 770 946 1028 1025; baseline -0.004 -17"><span class='ocrx_word' id='word_1_1' title='bbox 770 946 937 1025; x_wconf 77' lang='lat' dir='ltr'><strong>Gap.</strong></span> <span class='ocrx_word' id='word_1_2' title='bbox 975 946 1028 1008; x_wconf 88' lang='lat'><strong>1.</strong></span> 
     </span>
     <span class='ocr_line' id='line_1_2' title="bbox 599 1082 1201 1136; baseline 0 -1"><span class='ocrx_word' id='word_1_3' title='bbox 599 1085 690 1135; x_wconf 86' lang='lat' dir='ltr'><strong>De</strong></span> <span class='ocrx_word' id='word_1_4' title='bbox 724 1084 791 1136; x_wconf 90' lang='lat' dir='ltr'><strong>L.</strong></span> <span class='ocrx_word' id='word_1_5' title='bbox 830 1083 1010 1136; x_wconf 72' lang='lat' dir='ltr'><strong>Attii</strong></span> <span class='ocrx_word' id='word_1_6' title='bbox 1037 1082 1201 1135; x_wconf 76' lang='lat' dir='ltr'><strong>vita.</strong></span> 
     </span>
    </p>
   </div>
   <div class='ocr_carea' id='block_1_2' title="bbox 198 1333 1603 2320">
    <p class='ocr_par' dir='ltr' id='par_1_2' title="bbox 198 1333 1603 2320">
     <span class='ocr_line' id='line_1_3' title="bbox 205 1333 1603 1425; baseline 0.002 -18"><span class='ocrx_word' id='word_1_7' title='bbox 205 1333 293 1408; x_wconf 81' lang='lat' dir='ltr'><strong>L.</strong></span> <span class='ocrx_word' id='word_1_8' title='bbox 327 1361 468 1407; x_wconf 77' lang='lat' dir='ltr'><strong>Attius</strong></span> <span class='ocrx_word' id='word_1_9' title='bbox 501 1358 547 1422; x_wconf 83' lang='grc'><strong>*)</strong></span> <span class='ocrx_word' id='word_1_10' title='bbox 581 1367 708 1407; x_wconf 86' lang='lat' dir='ltr'><strong>natus</strong></span> <span class='ocrx_word' id='word_1_11' title='bbox 743 1367 812 1407; x_wconf 82' lang='lat' dir='ltr'><strong>est</strong></span> <span class='ocrx_word' id='word_1_12' title='bbox 839 1375 956 1407; x_wconf 87' lang='lat' dir='ltr'><strong>anno</strong></span> <span class='ocrx_word' id='word_1_13' title='bbox 990 1359 1121 1406; x_wconf 82' lang='lat' dir='ltr'><strong>Urbis</strong></span> <span class='ocrx_word' id='word_1_14' title='bbox 1154 1359 1358 1408; x_wconf 79' lang='lat' dir='ltr'><strong>conditae</strong></span> <span class='ocrx_word' id='word_1_15' title='bbox 1387 1361 1603 1425; x_wconf 77' lang='lat' dir='ltr'><strong>quingen·</strong></span> 
     </span>
     <span class='ocr_line' id='line_1_4' title="bbox 206 1429 1603 1490; baseline 0.001 -13"><span class='ocrx_word' id='word_1_16' title='bbox 206 1431 360 1477; x_wconf 79' lang='lat' dir='ltr'><strong>tesimo</strong></span> <span class='ocrx_word' id='word_1_17' title='bbox 394 1431 665 1490; x_wconf 84' lang='lat' dir='ltr'><strong>octogesimo</strong></span> <span class='ocrx_word' id='word_1_18' title='bbox 698 1436 880 1490; x_wconf 82' lang='lat' dir='ltr'><strong>quarto,</strong></span> <span class='ocrx_word' id='word_1_19' title='bbox 923 1436 1027 1475; x_wconf 83' lang='lat' dir='ltr'><strong>ante</strong></span> <span class='ocrx_word' id='word_1_20' title='bbox 1062 1429 1286 1476; x_wconf 80' lang='lat' dir='ltr'><strong>Christum</strong></span> <span class='ocrx_word' id='word_1_21' title='bbox 1319 1438 1469 1477; x_wconf 84' lang='lat' dir='ltr'><strong>natum</strong></span> <span class='ocrx_word' id='word_1_22' title='bbox 1499 1449 1603 1479; x_wconf 84' lang='lat' dir='ltr'><strong>cen-</strong></span> 
     </span>
     <span class='ocr_line' id='line_1_5' title="bbox 205 1499 1599 1560; baseline 0.001 -14"><span class='ocrx_word' id='word_1_23' title='bbox 205 1501 361 1546; x_wconf 86' lang='lat' dir='ltr'><strong>tesimo</strong></span> <span class='ocrx_word' id='word_1_24' title='bbox 402 1500 739 1560; x_wconf 80' lang='lat' dir='ltr'><strong>septuagesimo.</strong></span> <span class='ocrx_word' id='word_1_25' title='bbox 843 1499 1139 1560; x_wconf 81' lang='lat' dir='ltr'>Hieronymus</span> <span class='ocrx_word' id='word_1_26' title='bbox 1184 1499 1298 1545; x_wconf 83' lang='lat' dir='ltr'><strong>enim</strong></span> <span class='ocrx_word' id='word_1_27' title='bbox 1343 1501 1388 1546; x_wconf 88' lang='lat' dir='ltr'><strong>in</strong></span> <span class='ocrx_word' id='word_1_28' title='bbox 1432 1500 1599 1548; x_wconf 83' lang='lat' dir='ltr'><strong>Euseb.</strong></span> 
     </span>
     <span class='ocr_line' id='line_1_6' title="bbox 208 1566 1600 1623; baseline 0.002 -9"><span class='ocrx_word' id='word_1_29' title='bbox 208 1569 375 1615; x_wconf 86' lang='lat' dir='ltr'><strong>Chron.</strong></span> <span class='ocrx_word' id='word_1_30' title='bbox 410 1568 466 1614; x_wconf 88' lang='lat' dir='ltr'><strong>ad</strong></span> <span class='ocrx_word' id='word_1_31' title='bbox 511 1583 672 1613; x_wconf 87' lang='lat' dir='ltr'><strong>annum</strong></span> <span class='ocrx_word' id='word_1_32' title='bbox 718 1567 790 1613; x_wconf 90' lang='lat' dir='ltr'><strong>ol.</strong></span> <span class='ocrx_word' id='word_1_33' title='bbox 825 1566 949 1621; x_wconf 85' lang='lat'>160,</span> <span class='ocrx_word' id='word_1_34' title='bbox 984 1568 1030 1613; x_wconf 80' lang='lat'><strong>2.</strong></span> <span class='ocrx_word' id='word_1_35' title='bbox 1077 1567 1187 1613; x_wconf 82' lang='lat' dir='ltr'><strong>haec</strong></span> <span class='ocrx_word' id='word_1_36' title='bbox 1228 1568 1361 1614; x_wconf 85' lang='lat' dir='ltr'><strong>habet</strong></span> <span class='ocrx_word' id='word_1_37' title='bbox 1395 1569 1600 1623; x_wconf 76' lang='lat' dir='ltr'><strong>„Lucina</strong></span> 
     </span>
     <span class='ocr_line' id='line_1_7' title="bbox 205 1635 1601 1698; baseline 0.001 -14"><span class='ocrx_word' id='word_1_38' title='bbox 205 1638 347 1684; x_wconf 81' lang='lat' dir='ltr'><strong>Attius</strong></span> <span class='ocrx_word' id='word_1_39' title='bbox 395 1637 725 1698; x_wconf 83' lang='lat' dir='ltr'><strong>tragoediarum</strong></span> <span class='ocrx_word' id='word_1_40' title='bbox 771 1636 955 1697; x_wconf 80' lang='lat' dir='ltr'>scriptor</span> <span class='ocrx_word' id='word_1_41' title='bbox 997 1635 1139 1681; x_wconf 85' lang='lat' dir='ltr'><strong>clarus</strong></span> <span class='ocrx_word' id='word_1_42' title='bbox 1185 1635 1396 1691; x_wconf 82' lang='lat' dir='ltr'><strong>habetur,</strong></span> <span class='ocrx_word' id='word_1_43' title='bbox 1474 1650 1601 1686; x_wconf 79' lang='lat' dir='ltr'><strong>natus</strong></span> 
     </span>
     <span class='ocr_line' id='line_1_8' title="bbox 204 1705 1600 1766; baseline 0.002 -14"><span class='ocrx_word' id='word_1_44' title='bbox 204 1708 396 1753; x_wconf 80' lang='lat' dir='ltr'><strong>Serrano</strong></span> <span class='ocrx_word' id='word_1_45' title='bbox 441 1714 487 1752; x_wconf 86' lang='lat' dir='ltr'><strong>et</strong></span> <span class='ocrx_word' id='word_1_46' title='bbox 528 1706 732 1752; x_wconf 82' lang='lat' dir='ltr'><strong>Mancino</strong></span> <span class='ocrx_word' id='word_1_47' title='bbox 776 1706 898 1760; x_wconf 86' lang='lat' dir='ltr'><strong>Css.,</strong></span> <span class='ocrx_word' id='word_1_48' title='bbox 951 1705 1202 1766; x_wconf 84' lang='lat' dir='ltr'><strong>parentibus</strong></span> <span class='ocrx_word' id='word_1_49' title='bbox 1253 1706 1464 1753; x_wconf 78' lang='lat' dir='ltr'><strong>libertinis</strong></span> <span class='ocrx_word' id='word_1_50' title='bbox 1476 1711 1504 1732; x_wconf 77' lang='lat'><strong>‘⁸</strong></span> <span class='ocrx_word' id='word_1_51' title='bbox 1548 1711 1600 1755; x_wconf 80' lang='lat' dir='ltr'><strong>A.</strong></span> 
     </span>
     <span class='ocr_line' id='line_1_9' title="bbox 204 1775 1603 1823; baseline 0.001 -1"><span class='ocrx_word' id='word_1_52' title='bbox 204 1782 351 1822; x_wconf 87' lang='lat' dir='ltr'><strong>autem</strong></span> <span class='ocrx_word' id='word_1_53' title='bbox 384 1776 556 1821; x_wconf 84' lang='lat' dir='ltr'><strong>Attilius</strong></span> <span class='ocrx_word' id='word_1_54' title='bbox 590 1777 808 1821; x_wconf 81' lang='lat' dir='ltr'><strong>Serranus</strong></span> <span class='ocrx_word' id='word_1_55' title='bbox 840 1782 886 1821; x_wconf 84' lang='lat' dir='ltr'><strong>et</strong></span> <span class='ocrx_word' id='word_1_56' title='bbox 917 1776 969 1820; x_wconf 83' lang='lat' dir='ltr'><strong>A.</strong></span> <span class='ocrx_word' id='word_1_57' title='bbox 1002 1775 1215 1819; x_wconf 77' lang='lat' dir='ltr'><strong>Hostilius</strong></span> <span class='ocrx_word' id='word_1_58' title='bbox 1242 1776 1467 1821; x_wconf 79' lang='lat' dir='ltr'><strong>Mancinus</strong></span> <span class='ocrx_word' id='word_1_59' title='bbox 1497 1793 1603 1823; x_wconf 88' lang='lat' dir='ltr'><strong>con-</strong></span> 
     </span>
     <span class='ocr_line' id='line_1_10' title="bbox 202 1840 1599 1907; baseline 0.001 -16"><span class='ocrx_word' id='word_1_60' title='bbox 202 1844 318 1892; x_wconf 84' lang='lat' dir='ltr'><strong>sules</strong></span> <span class='ocrx_word' id='word_1_61' title='bbox 346 1851 473 1891; x_wconf 81' lang='lat' dir='ltr'><strong>erant</strong></span> <span class='ocrx_word' id='word_1_62' title='bbox 507 1861 548 1891; x_wconf 92' lang='lat' dir='ltr'><strong>a.</strong></span> <span class='ocrx_word' id='word_1_63' title='bbox 579 1844 695 1890; x_wconf 87' lang='lat'><strong>584.</strong></span> <span class='ocrx_word' id='word_1_64' title='bbox 727 1844 785 1890; x_wconf 91' lang='lat' dir='ltr'><strong>U.</strong></span> <span class='ocrx_word' id='word_1_65' title='bbox 822 1858 860 1889; x_wconf 90' lang='lat' dir='ltr'><strong>c.</strong></span> <span class='ocrx_word' id='word_1_66' title='bbox 921 1840 998 1890; x_wconf 83' lang='lat' dir='ltr'><strong>De</strong></span> <span class='ocrx_word' id='word_1_67' title='bbox 1030 1843 1134 1890; x_wconf 74' lang='lat' dir='ltr'><strong>Attii</strong></span> <span class='ocrx_word' id='word_1_68' title='bbox 1167 1844 1420 1905; x_wconf 75' lang='lat' dir='ltr'><strong>parentibus</strong></span> <span class='ocrx_word' id='word_1_69' title='bbox 1455 1851 1500 1891; x_wconf 87' lang='lat' dir='ltr'><strong>et</strong></span> <span class='ocrx_word' id='word_1_70' title='bbox 1521 1863 1599 1907; x_wconf 87' lang='lat' dir='ltr'><strong>pa-</strong></span> 
     </span>
     <span class='ocr_line' id='line_1_11' title="bbox 202 1913 1599 1973; baseline 0.001 -15"><span class='ocrx_word' id='word_1_71' title='bbox 202 1915 287 1958; x_wconf 86' lang='lat' dir='ltr'><strong>tria</strong></span> <span class='ocrx_word' id='word_1_72' title='bbox 319 1913 423 1958; x_wconf 89' lang='lat' dir='ltr'><strong>nihil</strong></span> <span class='ocrx_word' id='word_1_73' title='bbox 460 1914 567 1958; x_wconf 83' lang='lat' dir='ltr'><strong>certi</strong></span> <span class='ocrx_word' id='word_1_74' title='bbox 602 1914 781 1967; x_wconf 88' lang='lat' dir='ltr'><strong>scimus;</strong></span> <span class='ocrx_word' id='word_1_75' title='bbox 812 1913 1035 1957; x_wconf 84' lang='lat' dir='ltr'><strong>libertinos</strong></span> <span class='ocrx_word' id='word_1_76' title='bbox 1073 1913 1113 1956; x_wconf 85' lang='lat' dir='ltr'><strong>ei</strong></span> <span class='ocrx_word' id='word_1_77' title='bbox 1143 1913 1276 1958; x_wconf 86' lang='lat' dir='ltr'><strong>fuisse</strong></span> <span class='ocrx_word' id='word_1_78' title='bbox 1304 1922 1508 1973; x_wconf 77' lang='lat' dir='ltr'><strong>parentes</strong></span> <span class='ocrx_word' id='word_1_79' title='bbox 1527 1931 1599 1959; x_wconf 89' lang='lat' dir='ltr'><strong>so-</strong></span> 
     </span>
     <span class='ocr_line' id='line_1_12' title="bbox 201 1981 1596 2044; baseline 0 -16"><span class='ocrx_word' id='word_1_80' title='bbox 201 1983 269 2029; x_wconf 86' lang='lat' dir='ltr'><strong>lus</strong></span> <span class='ocrx_word' id='word_1_81' title='bbox 306 1982 602 2044; x_wconf 76' lang='lat' dir='ltr'><strong>Hieronymus</strong></span> <span class='ocrx_word' id='word_1_82' title='bbox 635 1981 780 2027; x_wconf 84' lang='lat' dir='ltr'><strong>tradit.</strong></span> <span class='ocrx_word' id='word_1_83' title='bbox 849 1981 1023 2025; x_wconf 87' lang='lat' dir='ltr'><strong>Romae</strong></span> <span class='ocrx_word' id='word_1_84' title='bbox 1049 1995 1146 2025; x_wconf 87' lang='lat' dir='ltr'><strong>eum</strong></span> <span class='ocrx_word' id='word_1_85' title='bbox 1182 1989 1330 2027; x_wconf 81' lang='lat' dir='ltr'><strong>natum</strong></span> <span class='ocrx_word' id='word_1_86' title='bbox 1365 1997 1463 2028; x_wconf 85' lang='lat' dir='ltr'><strong>esse</strong></span> <span class='ocrx_word' id='word_1_87' title='bbox 1491 1983 1596 2029; x_wconf 87' lang='lat' dir='ltr'><strong>inde</strong></span> 
     </span>
     <span class='ocr_line' id='line_1_13' title="bbox 203 2049 1596 2112; baseline 0 -14"><span class='ocrx_word' id='word_1_88' title='bbox 203 2052 411 2112; x_wconf 84' lang='lat' dir='ltr'><strong>suspicari</strong></span> <span class='ocrx_word' id='word_1_89' title='bbox 443 2052 569 2105; x_wconf 83' lang='lat' dir='ltr'><strong>licet,</strong></span> <span class='ocrx_word' id='word_1_90' title='bbox 610 2051 728 2111; x_wconf 91' lang='lat' dir='ltr'><strong>quod</strong></span> <span class='ocrx_word' id='word_1_91' title='bbox 764 2065 891 2095; x_wconf 90' lang='lat' dir='ltr'><strong>nemo</strong></span> <span class='ocrx_word' id='word_1_92' title='bbox 920 2065 1017 2094; x_wconf 86' lang='lat' dir='ltr'><strong>eum</strong></span> <span class='ocrx_word' id='word_1_93' title='bbox 1052 2049 1225 2095; x_wconf 81' lang='lat' dir='ltr'><strong>aliunde</strong></span> <span class='ocrx_word' id='word_1_94' title='bbox 1257 2050 1412 2096; x_wconf 86' lang='lat' dir='ltr'><strong>urbem</strong></span> <span class='ocrx_word' id='word_1_95' title='bbox 1448 2054 1596 2112; x_wconf 75' lang='lat' dir='ltr'><strong>petiis-</strong></span> 
     </span>
     <span class='ocr_line' id='line_1_14' title="bbox 201 2118 1594 2177; baseline 0.001 -11"><span class='ocrx_word' id='word_1_96' title='bbox 201 2137 251 2167; x_wconf 86' lang='lat' dir='ltr'><strong>se</strong></span> <span class='ocrx_word' id='word_1_97' title='bbox 284 2121 444 2177; x_wconf 82' lang='lat' dir='ltr'><strong>refert;</strong></span> <span class='ocrx_word' id='word_1_98' title='bbox 479 2136 577 2167; x_wconf 90' lang='lat' dir='ltr'><strong>cum</strong></span> <span class='ocrx_word' id='word_1_99' title='bbox 613 2126 778 2166; x_wconf 83' lang='lat' dir='ltr'><strong>certum</strong></span> <span class='ocrx_word' id='word_1_100' title='bbox 813 2134 916 2164; x_wconf 83' lang='lat' dir='ltr'><strong>vero</strong></span> <span class='ocrx_word' id='word_1_101' title='bbox 949 2118 1075 2164; x_wconf 89' lang='lat' dir='ltr'><strong>huius</strong></span> <span class='ocrx_word' id='word_1_102' title='bbox 1110 2119 1174 2164; x_wconf 84' lang='lat' dir='ltr'><strong>rei</strong></span> <span class='ocrx_word' id='word_1_103' title='bbox 1194 2120 1485 2166; x_wconf 82' lang='lat' dir='ltr'><strong>testimonium</strong></span> <span class='ocrx_word' id='word_1_104' title='bbox 1506 2137 1594 2167; x_wconf 89' lang='lat' dir='ltr'><strong>non</strong></span> 
     </span>
     <span class='ocr_line' id='line_1_15' title="bbox 198 2188 1594 2242; baseline 0.001 -8"><span class='ocrx_word' id='word_1_105' title='bbox 198 2190 461 2242; x_wconf 84' lang='lat' dir='ltr'><strong>habeamus,</strong></span> <span class='ocrx_word' id='word_1_106' title='bbox 497 2191 599 2234; x_wconf 86' lang='lat' dir='ltr'><strong>nolo</strong></span> <span class='ocrx_word' id='word_1_107' title='bbox 633 2202 735 2234; x_wconf 82' lang='lat' dir='ltr'><strong>cum</strong></span> <span class='ocrx_word' id='word_1_108' title='bbox 770 2188 990 2233; x_wconf 83' lang='lat' dir='ltr'><strong>Schoellio</strong></span> <span class='ocrx_word' id='word_1_109' title='bbox 1012 2190 1126 2235; x_wconf 84' lang='lat' dir='ltr'><strong>Hist.</strong></span> <span class='ocrx_word' id='word_1_110' title='bbox 1160 2188 1216 2233; x_wconf 88' lang='lat' dir='ltr'><strong>de</strong></span> <span class='ocrx_word' id='word_1_111' title='bbox 1244 2189 1286 2233; x_wconf 91' lang='lat' dir='ltr'><strong>la</strong></span> <span class='ocrx_word' id='word_1_112' title='bbox 1309 2189 1389 2234; x_wconf 81' lang='lat' dir='ltr'><strong>litt.</strong></span> <span class='ocrx_word' id='word_1_113' title='bbox 1411 2191 1540 2235; x_wconf 88' lang='lat' dir='ltr'><strong>Rom.</strong></span> <span class='ocrx_word' id='word_1_114' title='bbox 1558 2191 1594 2236; x_wconf 89' lang='lat' dir='ltr'><strong>I.</strong></span> 
     </span>
     <span class='ocr_line' id='line_1_16' title="bbox 198 2256 1591 2320; baseline 0 -15"><span class='ocrx_word' id='word_1_115' title='bbox 198 2275 241 2320; x_wconf 86' lang='lat' dir='ltr'><strong>p.</strong></span> <span class='ocrx_word' id='word_1_116' title='bbox 262 2257 371 2304; x_wconf 84' lang='lat'><strong>116.</strong></span> <span class='ocrx_word' id='word_1_117' title='bbox 406 2257 492 2303; x_wconf 87' lang='lat' dir='ltr'><strong>hoc</strong></span> <span class='ocrx_word' id='word_1_118' title='bbox 524 2273 605 2320; x_wconf 86' lang='lat' dir='ltr'><strong>pro</strong></span> <span class='ocrx_word' id='word_1_119' title='bbox 640 2263 766 2304; x_wconf 82' lang='lat' dir='ltr'><strong>certo</strong></span> <span class='ocrx_word' id='word_1_120' title='bbox 802 2256 1038 2304; x_wconf 80' lang='lat' dir='ltr'><strong>venditare.</strong></span> <span class='ocrx_word' id='word_1_121' title='bbox 1105 2257 1431 2319; x_wconf 81' lang='lat' dir='ltr'><strong>Quinquaginta</strong></span> <span class='ocrx_word' id='word_1_122' title='bbox 1467 2259 1591 2305; x_wconf 87' lang='lat' dir='ltr'><strong>annis</strong></span> 
     </span>
    </p>
   </div>
   <div class='ocr_carea' id='block_1_3' title="bbox 194 2446 1589 2869">
    <p class='ocr_par' dir='ltr' id='par_1_3' title="bbox 194 2446 1589 2869">
     <span class='ocr_line' id='line_1_17' title="bbox 244 2446 1589 2495; baseline -0.001 -9"><span class='ocrx_word' id='word_1_123' title='bbox 244 2449 288 2495; x_wconf 70' lang='lat'><strong>⁴¹)</strong></span> <span class='ocrx_word' id='word_1_124' title='bbox 309 2452 446 2486; x_wconf 82' lang='lat' dir='ltr'><strong>Poetae</strong></span> <span class='ocrx_word' id='word_1_125' title='bbox 468 2462 605 2486; x_wconf 82' lang='lat' dir='ltr'><strong>nomen</strong></span> <span class='ocrx_word' id='word_1_126' title='bbox 629 2447 775 2493; x_wconf 71' lang='lat' dir='ltr'><strong>Attius,</strong></span> <span class='ocrx_word' id='word_1_127' title='bbox 823 2460 899 2484; x_wconf 83' lang='lat' dir='ltr'><strong>non</strong></span> <span class='ocrx_word' id='word_1_128' title='bbox 935 2446 1067 2483; x_wconf 76' lang='lat' dir='ltr'><strong>Actius</strong></span> <span class='ocrx_word' id='word_1_129' title='bbox 1097 2448 1158 2483; x_wconf 81' lang='lat' dir='ltr'><strong>vel</strong></span> <span class='ocrx_word' id='word_1_130' title='bbox 1187 2446 1324 2484; x_wconf 79' lang='lat' dir='ltr'><strong>Accius</strong></span> <span class='ocrx_word' id='word_1_131' title='bbox 1355 2449 1589 2485; x_wconf 81' lang='lat' dir='ltr'><strong>scribendum</strong></span> 
     </span>
     <span class='ocr_line' id='line_1_18' title="bbox 198 2493 1587 2542; baseline -0.001 -9"><span class='ocrx_word' id='word_1_132' title='bbox 198 2509 279 2533; x_wconf 83' lang='lat' dir='ltr'><strong>esse</strong></span> <span class='ocrx_word' id='word_1_133' title='bbox 303 2498 390 2531; x_wconf 83' lang='lat' dir='ltr'><strong>satis</strong></span> <span class='ocrx_word' id='word_1_134' title='bbox 419 2496 623 2533; x_wconf 78' lang='lat' dir='ltr'><strong>docueruut</strong></span> <span class='ocrx_word' id='word_1_135' title='bbox 645 2496 740 2532; x_wconf 78' lang='lat' dir='ltr'><strong>Mar.</strong></span> <span class='ocrx_word' id='word_1_136' title='bbox 767 2495 949 2531; x_wconf 74' lang='lat' dir='ltr'><strong>Victoria.</strong></span> <span class='ocrx_word' id='word_1_137' title='bbox 973 2494 1021 2530; x_wconf 87' lang='lat' dir='ltr'><strong>de</strong></span> <span class='ocrx_word' id='word_1_138' title='bbox 1046 2495 1206 2541; x_wconf 80' lang='lat' dir='ltr'><strong>orthogr.</strong></span> <span class='ocrx_word' id='word_1_139' title='bbox 1232 2509 1270 2542; x_wconf 80' lang='lat' dir='ltr'><strong>p.</strong></span> <span class='ocrx_word' id='word_1_140' title='bbox 1288 2493 1393 2529; x_wconf 79' lang='lat'><strong>2457.</strong></span> <span class='ocrx_word' id='word_1_141' title='bbox 1420 2496 1472 2539; x_wconf 66' lang='lat' dir='ltr'><strong>P„</strong></span> <span class='ocrx_word' id='word_1_142' title='bbox 1496 2495 1587 2532; x_wconf 78' lang='lat' dir='ltr'><strong>Ald.</strong></span> 
     </span>
     <span class='ocr_line' id='line_1_19' title="bbox 197 2539 1586 2590; baseline -0.001 -12"><span class='ocrx_word' id='word_1_143' title='bbox 197 2544 386 2578; x_wconf 82' lang='lat' dir='ltr'><strong>Manutius</strong></span> <span class='ocrx_word' id='word_1_144' title='bbox 410 2543 458 2577; x_wconf 84' lang='lat' dir='ltr'><strong>de</strong></span> <span class='ocrx_word' id='word_1_145' title='bbox 489 2544 651 2589; x_wconf 76' lang='lat' dir='ltr'><strong>orthogr.</strong></span> <span class='ocrx_word' id='word_1_146' title='bbox 678 2555 717 2590; x_wconf 86' lang='lat' dir='ltr'><strong>p.</strong></span> <span class='ocrx_word' id='word_1_147' title='bbox 747 2542 822 2586; x_wconf 62' lang='lat'><strong>15„</strong></span> <span class='ocrx_word' id='word_1_148' title='bbox 870 2543 1043 2577; x_wconf 80' lang='lat' dir='ltr'><strong>Torrent-</strong></span> <span class='ocrx_word' id='word_1_149' title='bbox 1079 2544 1119 2576; x_wconf 85' lang='lat' dir='ltr'><strong>in</strong></span> <span class='ocrx_word' id='word_1_150' title='bbox 1150 2543 1251 2576; x_wconf 80' lang='lat' dir='ltr'><strong>suet.</strong></span> <span class='ocrx_word' id='word_1_151' title='bbox 1282 2540 1378 2585; x_wconf 87' lang='lat' dir='ltr'><strong>Aug.</strong></span> <span class='ocrx_word' id='word_1_152' title='bbox 1408 2539 1500 2589; x_wconf 83' lang='lat' dir='ltr'><strong>Cap.</strong></span> <span class='ocrx_word' id='word_1_153' title='bbox 1524 2541 1586 2586; x_wconf 82' lang='grc'><strong>4.,</strong></span> 
     </span>
     <span class='ocr_line' id='line_1_20' title="bbox 196 2585 1588 2633; baseline 0 -9"><span class='ocrx_word' id='word_1_154' title='bbox 196 2591 321 2624; x_wconf 70' lang='lat' dir='ltr'><strong>Mun-et</strong></span> <span class='ocrx_word' id='word_1_155' title='bbox 357 2589 467 2623; x_wconf 83' lang='lat' dir='ltr'><strong>Varr.</strong></span> <span class='ocrx_word' id='word_1_156' title='bbox 492 2589 611 2623; x_wconf 77' lang='lat' dir='ltr'><strong>Lectt.</strong></span> <span class='ocrx_word' id='word_1_157' title='bbox 640 2588 697 2633; x_wconf 85' lang='lat'><strong>18,</strong></span> <span class='ocrx_word' id='word_1_158' title='bbox 720 2589 778 2633; x_wconf 89' lang='grc'><strong>9.,</strong></span> <span class='ocrx_word' id='word_1_159' title='bbox 806 2587 933 2623; x_wconf 83' lang='lat' dir='ltr'><strong>Osann</strong></span> <span class='ocrx_word' id='word_1_160' title='bbox 957 2587 1065 2622; x_wconf 82' lang='lat' dir='ltr'><strong>Anal.</strong></span> <span class='ocrx_word' id='word_1_161' title='bbox 1093 2588 1171 2622; x_wconf 80' lang='lat' dir='ltr'><strong>crit.</strong></span> <span class='ocrx_word' id='word_1_162' title='bbox 1199 2600 1238 2629; x_wconf 75' lang='lat' dir='ltr'><strong>p.</strong></span> <span class='ocrx_word' id='word_1_163' title='bbox 1263 2585 1342 2630; x_wconf 89' lang='grc'><strong>60.,</strong></span> <span class='ocrx_word' id='word_1_164' title='bbox 1378 2587 1588 2625; x_wconf 77' lang='lat' dir='ltr'><strong>Weichert.</strong></span> 
     </span>
     <span class='ocr_line' id='line_1_21' title="bbox 196 2632 1587 2679; baseline 0.001 -10"><span class='ocrx_word' id='word_1_165' title='bbox 196 2636 244 2670; x_wconf 84' lang='lat' dir='ltr'><strong>de</strong></span> <span class='ocrx_word' id='word_1_166' title='bbox 268 2637 310 2670; x_wconf 84' lang='lat' dir='ltr'><strong>L.</strong></span> <span class='ocrx_word' id='word_1_167' title='bbox 336 2635 451 2670; x_wconf 82' lang='lat' dir='ltr'><strong>Vario</strong></span> <span class='ocrx_word' id='word_1_168' title='bbox 476 2642 513 2668; x_wconf 82' lang='lat' dir='ltr'><strong>et</strong></span> <span class='ocrx_word' id='word_1_169' title='bbox 547 2633 675 2669; x_wconf 77' lang='lat' dir='ltr'><strong>Cassio</strong></span> <span class='ocrx_word' id='word_1_170' title='bbox 706 2635 894 2669; x_wconf 80' lang='lat' dir='ltr'><strong>Parmensi</strong></span> <span class='ocrx_word' id='word_1_171' title='bbox 927 2648 966 2679; x_wconf 73' lang='lat' dir='ltr'><strong>p.</strong></span> <span class='ocrx_word' id='word_1_172' title='bbox 997 2634 1034 2670; x_wconf 86' lang='grc'><strong>9.</strong></span> <span class='ocrx_word' id='word_1_173' title='bbox 1068 2634 1152 2668; x_wconf 78' lang='lat' dir='ltr'><strong>Not.</strong></span> <span class='ocrx_word' id='word_1_174' title='bbox 1184 2633 1241 2675; x_wconf 71' lang='grc'><strong>7.,</strong></span> <span class='ocrx_word' id='word_1_175' title='bbox 1288 2632 1403 2668; x_wconf 64' lang='lat' dir='ltr'><strong>Beier</strong></span> <span class='ocrx_word' id='word_1_176' title='bbox 1434 2636 1475 2669; x_wconf 83' lang='lat' dir='ltr'><strong>in</strong></span> <span class='ocrx_word' id='word_1_177' title='bbox 1510 2635 1587 2672; x_wconf 87' lang='lat' dir='ltr'><strong>Cic.</strong></span> 
     </span>
     <span class='ocr_line' id='line_1_22' title="bbox 196 2678 1585 2727; baseline 0 -11"><span class='ocrx_word' id='word_1_178' title='bbox 196 2680 271 2717; x_wconf 75' lang='grc' dir='ltr'><strong>ΟΒ.</strong></span> <span class='ocrx_word' id='word_1_179' title='bbox 296 2682 332 2723; x_wconf 87' lang='grc'><strong>3,</strong></span> <span class='ocrx_word' id='word_1_180' title='bbox 356 2682 416 2724; x_wconf 86' lang='grc'><strong>31,</strong></span> <span class='ocrx_word' id='word_1_181' title='bbox 439 2678 518 2723; x_wconf 74' lang='grc'><strong>84.,</strong></span> <span class='ocrx_word' id='word_1_182' title='bbox 565 2680 741 2715; x_wconf 80' lang='lat' dir='ltr'><strong>Eckstein</strong></span> <span class='ocrx_word' id='word_1_183' title='bbox 765 2681 806 2714; x_wconf 81' lang='lat' dir='ltr'><strong>in</strong></span> <span class='ocrx_word' id='word_1_184' title='bbox 834 2681 958 2715; x_wconf 85' lang='lat' dir='ltr'><strong>Tacit.</strong></span> <span class='ocrx_word' id='word_1_185' title='bbox 981 2681 1083 2714; x_wconf 77' lang='lat' dir='ltr'><strong>Dial.</strong></span> <span class='ocrx_word' id='word_1_186' title='bbox 1108 2679 1155 2713; x_wconf 89' lang='lat' dir='ltr'><strong>de</strong></span> <span class='ocrx_word' id='word_1_187' title='bbox 1173 2690 1291 2714; x_wconf 75' lang='lat' dir='ltr'><strong>causs,</strong></span> <span class='ocrx_word' id='word_1_188' title='bbox 1317 2692 1393 2715; x_wconf 78' lang='lat' dir='ltr'><strong>cor.</strong></span> <span class='ocrx_word' id='word_1_189' title='bbox 1418 2681 1515 2727; x_wconf 81' lang='lat' dir='ltr'><strong>eloq.</strong></span> <span class='ocrx_word' id='word_1_190' title='bbox 1541 2680 1585 2716; x_wconf 88' lang='lat' dir='ltr'><strong>C.</strong></span> 
     </span>
     <span class='ocr_line' id='line_1_23' title="bbox 195 2724 1582 2771; baseline -0.001 -8"><span class='ocrx_word' id='word_1_191' title='bbox 195 2729 276 2771; x_wconf 63' lang='lat'><strong>20„</strong></span> <span class='ocrx_word' id='word_1_192' title='bbox 308 2728 424 2762; x_wconf 80' lang='lat' dir='ltr'><strong>Drak.</strong></span> <span class='ocrx_word' id='word_1_193' title='bbox 461 2728 501 2761; x_wconf 86' lang='lat' dir='ltr'><strong>in</strong></span> <span class='ocrx_word' id='word_1_194' title='bbox 535 2726 618 2762; x_wconf 79' lang='lat' dir='ltr'><strong>Liv.</strong></span> <span class='ocrx_word' id='word_1_195' title='bbox 644 2728 687 2770; x_wconf 86' lang='lat'><strong>1,</strong></span> <span class='ocrx_word' id='word_1_196' title='bbox 712 2724 771 2761; x_wconf 81' lang='grc'><strong>36.</strong></span> <span class='ocrx_word' id='word_1_197' title='bbox 798 2726 907 2762; x_wconf 86' lang='lat' dir='ltr'><strong>Giese</strong></span> <span class='ocrx_word' id='word_1_198' title='bbox 939 2728 979 2761; x_wconf 87' lang='lat' dir='ltr'><strong>in</strong></span> <span class='ocrx_word' id='word_1_199' title='bbox 1003 2725 1080 2761; x_wconf 87' lang='lat' dir='ltr'><strong>Cic.</strong></span> <span class='ocrx_word' id='word_1_200' title='bbox 1107 2725 1153 2759; x_wconf 88' lang='lat' dir='ltr'><strong>de</strong></span> <span class='ocrx_word' id='word_1_201' title='bbox 1182 2724 1271 2761; x_wconf 78' lang='lat' dir='ltr'><strong>Div.</strong></span> <span class='ocrx_word' id='word_1_202' title='bbox 1299 2726 1341 2770; x_wconf 81' lang='lat'><strong>1,</strong></span> <span class='ocrx_word' id='word_1_203' title='bbox 1360 2728 1427 2770; x_wconf 84' lang='lat'><strong>22,</strong></span> <span class='ocrx_word' id='word_1_204' title='bbox 1451 2724 1509 2763; x_wconf 82' lang='lat'><strong>43.</strong></span> <span class='ocrx_word' id='word_1_205' title='bbox 1535 2727 1582 2762; x_wconf 80' lang='lat' dir='ltr'><strong>cf.</strong></span> 
     </span>
     <span class='ocr_line' id='line_1_24' title="bbox 194 2771 1584 2819; baseline 0 -10"><span class='ocrx_word' id='word_1_206' title='bbox 194 2776 342 2811; x_wconf 84' lang='lat' dir='ltr'><strong>Baehrii</strong></span> <span class='ocrx_word' id='word_1_207' title='bbox 365 2775 458 2810; x_wconf 77' lang='lat' dir='ltr'><strong>Hist·</strong></span> <span class='ocrx_word' id='word_1_208' title='bbox 482 2773 555 2808; x_wconf 77' lang='lat' dir='ltr'><strong>litt.</strong></span> <span class='ocrx_word' id='word_1_209' title='bbox 580 2775 686 2809; x_wconf 85' lang='lat' dir='ltr'><strong>Rom.</strong></span> <span class='ocrx_word' id='word_1_210' title='bbox 725 2786 764 2819; x_wconf 71' lang='lat' dir='ltr'><strong>p·</strong></span> <span class='ocrx_word' id='word_1_211' title='bbox 787 2773 847 2809; x_wconf 85' lang='lat'><strong>80.</strong></span> <span class='ocrx_word' id='word_1_212' title='bbox 880 2776 967 2811; x_wconf 78' lang='lat' dir='ltr'><strong>Not.</strong></span> <span class='ocrx_word' id='word_1_213' title='bbox 994 2772 1016 2808; x_wconf 85' lang='lat'><strong>2</strong></span> <span class='ocrx_word' id='word_1_214' title='bbox 1039 2771 1108 2807; x_wconf 82' lang='lat' dir='ltr'><strong>Ed.</strong></span> <span class='ocrx_word' id='word_1_215' title='bbox 1134 2784 1232 2815; x_wconf 62' lang='lat' dir='ltr'><strong>sec„</strong></span> <span class='ocrx_word' id='word_1_216' title='bbox 1281 2772 1496 2810; x_wconf 73' lang='lat' dir='ltr'><strong>Schneideri</strong></span> <span class='ocrx_word' id='word_1_217' title='bbox 1521 2774 1584 2809; x_wconf 79' lang='lat' dir='ltr'><strong>Gr.</strong></span> 
     </span>
     <span class='ocr_line' id='line_1_25' title="bbox 194 2817 806 2869; baseline 0.002 -13"><span class='ocrx_word' id='word_1_218' title='bbox 194 2822 275 2857; x_wconf 83' lang='lat' dir='ltr'><strong>Lat.</strong></span> <span class='ocrx_word' id='word_1_219' title='bbox 300 2823 355 2868; x_wconf 89' lang='lat'><strong>1.,</strong></span> <span class='ocrx_word' id='word_1_220' title='bbox 379 2834 416 2869; x_wconf 84' lang='lat' dir='ltr'><strong>p.</strong></span> <span class='ocrx_word' id='word_1_221' title='bbox 442 2817 544 2866; x_wconf 62' lang='lat'><strong>241„</strong></span> <span class='ocrx_word' id='word_1_222' title='bbox 570 2821 636 2865; x_wconf 64' lang='lat'><strong>11„</strong></span> <span class='ocrx_word' id='word_1_223' title='bbox 662 2833 699 2867; x_wconf 83' lang='lat' dir='ltr'><strong>p.</strong></span> <span class='ocrx_word' id='word_1_224' title='bbox 722 2817 806 2857; x_wconf 80' lang='lat'><strong>444.</strong></span> 
     </span>
    </p>
   </div>
  </div>
 </body>
</html>
