1877 2989
853 206 1115 246 -2-

278 324 489 370 minorem
525 323 721 368 Pacuvio
767 323 900 369 fuisse
939 323 1061 370 testis
1117 332 1184 370 est
1228 325 1390 370 Cicero
1440 325 1483 370 in
1543 323 1682 370 Bruto

278 395 331 439 C.
364 391 456 447 64,
494 390 602 439 229.
645 390 706 453 ¹⁸²).
808 394 976 445 Quibus
1020 393 1240 454 magistris
1282 394 1338 440 sit
1387 410 1513 449 usus,
1557 394 1685 455 plane

276 464 560 523 ignoramus3
595 462 673 506 sed
693 462 960 509 familiariter
979 465 1181 509 utebatur
1199 464 1258 507 D.
1280 463 1411 507 Junio
1435 465 1575 508 Bruto
1602 463 1682 518 **)‚

279 532 351 591 qui
386 531 538 576 consul
575 547 673 576 cum
709 532 763 577 P.
786 532 993 593 Scipione
1027 533 1193 577 Nasica
1225 547 1263 575 a.
1288 531 1400 576 616.
1431 533 1487 576 U.
1508 548 1546 576 c.
1565 530 1687 592 (Cic.

279 600 308 644 l.
344 616 382 644 c.
422 597 505 654 22,
539 597 645 659 85)
678 607 858 659 propter
891 617 961 645 res
996 616 1207 660 prospere
1240 601 1283 643 in
1321 599 1538 658 Hispania
1575 600 1685 644 ulte·

229 721 231 723 v
281 669 399 712 riore
455 668 663 713 adversus
708 669 944 713 Gallaecos
1003 676 1155 727 gestas
1206 668 1405 712 Gallaeci
1440 682 1687 726 cognomen

282 736 476 796 accepit;
523 735 601 780 cfr.
644 735 739 780 Liv.
783 736 901 797 Epit.
954 736 1026 781 lib.
1076 737 1156 781 55.
1202 743 1247 782 et
1294 735 1373 782 56.
1435 736 1506 782 Ex
1558 731 1689 796 hujus

279 806 550 864 aliorumque
586 805 774 850 virorum
810 806 1020 851 nobilium
1061 805 1375 850 consuetudine
1409 806 1567 851 multos
1601 803 1688 850 fru-

284 880 380 920 ctus
401 873 459 919 ad
480 873 641 919 Attium
667 874 938 920 redundasse
973 874 1183 921 credibile
1215 882 1282 921 est
1303 874 1415 934 ***).

372 994 382 1002 -
437 965 571 1015 Quod
602 965 659 1009 ad
693 957 903 1025 reliquam
938 967 1042 1010 Attii
1083 967 1212 1009 vitam
1235 966 1401 1019 attinet,
1438 981 1538 1009 eum
1557 965 1687 1009 etiam

284 1048 322 1077 a.
362 1031 478 1078 651.
519 1034 576 1078 U.
609 1048 647 1078 c.
690 1034 803 1079 inter
846 1033 987 1080 vivos¹
1010 1032 1146 1080 fuisse
1191 1040 1272 1094 pro
1317 1039 1438 1079 certo
1481 1033 1689 1079 affirmari

284 1109 441 1162 potest.
512 1103 661 1147 'restis
684 1103 799 1147 enim
836 1111 902 1148 est
939 1104 1099 1148 Cicero
1135 1104 1177 1147 in
1213 1102 1408 1163 Philipp.
1444 1104 1481 1156 1,
1508 1102 1585 1156 15,
1607 1102 1686 1147 36.

283 1169 445 1230 „quid‘l
510 1171 821 1231 Apollinarium
874 1172 1077 1217 ludorum
1119 1172 1295 1232 plausus
1319 1172 1402 1217 ·vel
1444 1171 1689 1216 testimonia

283 1239 430 1300 potius
476 1246 520 1284 et
555 1239 713 1284 iudicia
750 1241 899 1301 populi
936 1241 1128 1286 Romani
1164 1241 1285 1285 vobis
1315 1256 1449 1301 parva
1483 1240 1691 1302 videban-

283 1308 386 1353 tur?
431 1308 493 1352 Ὀ
540 1305 693 1354 beatos
736 1306 860 1371 illos,
889 1306 893 1309 “
924 1310 997 1369 qui
1028 1315 1133 1355 “cu'm
1168 1309 1323 1354 adesse
1345 1310 1466 1364 ¹ipsts
1496 1304 1689 1368 *propter

284 1377 369 1422 vim
405 1388 624 1422 armorum
662 1376 747 1422 non
780 1378 953 1431 licebat,
985 1378 1169 1423 aderant
1194 1384 1340 1422 tamen
1375 1383 1421 1422 et
1452 1377 1494 1420 in
1517 1376 1685 1421 medul-

285 1445 337 1489 lis
373 1445 532 1505 populi
557 1446 751 1490 Romani
786 1460 840 1490 ac
872 1445 1108 1491 visceribus
1152 1441 1413 1498 haerebant,
1457 1446 1538 1489 nisi
1575 1444 1689 1490 forte
1747 1440 1749 1442 ’

282 1513 402 1559 Attio
444 1520 535 1558 tum
578 1514 728 1574 plaudi
773 1523 818 1560 et
862 1516 1139 1575 sexagesimo
1180 1522 1282 1575 post
1328 1530 1444 1559 anno
1496 1514 1685 1574 palmam

280 1582 376 1626 dari
410 1582 655 1642 putabatis,
699 1597 785 1627 non
816 1583 987 1637 Bruto,
1022 1585 1096 1643 qui
1129 1584 1243 1628 ludis
1274 1584 1334 1627 ita
1367 1582 1609 1635 caruit‚,ut
1642 1583 1684 1626 in

282 1650 357 1695 illo
381 1650 723 1710 ‘apparatissimo
758 1653 1034 1713 spectaculo
1057 1652 1244 1697 studium
1290 1652 1476 1712 populus
1512 1651 1686 1695 Roma·

284 1733 365 1762 nus
401 1720 607 1763 tribuerit
633 1721 824 1775 absenti,
862 1719 1126 1765 desiderium
1156 1721 1401 1766 liberatoris
1435 1720 1499 1764 sui
1530 1734 1685 1779 perpe-

284 1793 360 1831 tuo
393 1787 547 1847 plausu
583 1795 628 1833 et
661 1790 852 1834 clamore
885 1790 1101 1834 lenierit.“
1140 1791 1232 1834 Cfr.
1246 1789 1356 1834 ibid.
1393 1789 1462 1841 11,
1499 1789 1573 1842 13,
1609 1788 1685 1832 31.

282 1856 488 1916 Namque
505 1872 603 1906 cum
624 1857 692 1902 his
728 1858 870 1903 verbis
899 1859 1002 1904 Attii
1040 1858 1213 1914 fabula,
1248 1873 1362 1919 quae
1394 1863 1493 1919 post
1519 1857 1685 1903 Caesa·

285 1940 377 1970 rem
415 1926 689 1973 interfectum
726 1927 766 1973 h.
804 1945 842 1973 e.
880 1944 918 1973 a.
954 1918 1069 1974 710'.
1091 1928 1147 1973 U.
1169 1944 1206 1973 c.
1236 1925 1568 1979 docebatur‚’in
1591 1942 1685 1971 sce-

284 2009 383 2037 nam
402 1994 585 2040 reducta
621 1996 793 2042 dicatur
828 1998 1138 2056 „sexagesimo
1173 2005 1273 2057 post
1309 1998 1469 2049 anno‚“
1504 1995 1684 2039 manife-

287 2068 399 2107 stum
434 2070 502 2108 est
534 2065 701 2111 Attium
736 2082 775 2111 a.
810 2066 921 2111 6⁵1.
954 2068 1010 2111 U.
1045 2081 1083 2111 c.
1120 2066 1251 2111 etiam
1284 2064 1474 2110 fabulam
1506 2063 1684 2109 docuis-

330 2231 373 2278 *)
399 2232 529 2270 Cicero
553 2235 581 2269 l.
607 2231 633 2266 l.
659 2243 907 2278 „quamquam
931 2231 972 2266 id
997 2232 1147 2279 quidem
1181 2232 1353 2268 omnibus
1378 2245 1446 2267 usu
1470 2232 1596 2266 venire
1614 2243 1686 2266 ne·-

284 2292 386 2315 cesse
410 2280 500 2324 fuit,
538 2279 672 2327 quibus
704 2279 828 2325 paullo
853 2279 1002 2324 longior
1024 2281 1100 2314 vita
1131 2281 1303 2326 contigit,
1337 2287 1378 2313 ut
1403 2286 1439 2313 et
1463 2290 1545 2312 cum
1570 2278 1685 2312 multo

284 2327 485 2361 maioribus
514 2335 624 2370 natu,
675 2336 783 2370 quam
810 2334 931 2360 essent
953 2328 1046 2372 ipsi,
1092 2334 1128 2361 et
1152 2339 1234 2361 cum
1260 2327 1448 2371 aliquanto
1480 2324 1684 2359 minoribus

286 2383 601 2419 compararentur.
673 2373 723 2406 Ut
746 2371 865 2406 Attius
901 2372 1034 2408 iisdem
1068 2373 1249 2407 aedilibus
1276 2373 1328 2405 ait
1361 2383 1401 2405 se
1429 2377 1465 2405 et
1488 2371 1686 2417 Pacuvium

283 2419 453 2456 docuisse
476 2421 660 2466 fabulam,
701 2432 783 2455 cum
807 2419 874 2455 ille
899 2420 1111 2465 octoginta,
1154 2419 1236 2466 ipse
1260 2417 1409 2463 triginta
1438 2428 1553 2452 annos
1578 2424 1685 2452 natus

286 2466 423 2501 esset.“

330 2521 387 2563 **)
418 2524 491 2560 cfr.
519 2525 597 2562 Cic.
621 2538 690 2574 pro
717 2524 859 2560 Archia
883 2520 925 2557 C·
955 2519 1011 2557 11.
1036 2521 1139 2557 Brut.
1163 2521 1222 2566 28,
1250 2518 1337 2566 107,
1364 2520 1410 2556 de
1427 2520 1539 2568 Legg.
1563 2522 1600 2565 2,
1624 2519 1683 2565 21,

282 2567 343 2606 54.
368 2570 608 2610 Scholiastam
634 2573 879 2612 Bobiensem,
928 2568 991 2614 qui
1017 2569 1064 2604 ad
1088 2567 1191 2604 Orat.
1217 2582 1286 2617 pro
1318 2567 1433 2607 Arch.
1457 2568 1484 2603 l.
1510 2569 1537 2603 l.
1563 2568 1683 2603 varias

281 2629 341 2651 res
368 2618 580 2660 confundit,
631 2619 842 2655 emendavit
882 2613 1041 2650 Orellius
1075 2617 1114 2650 in
1141 2615 1275 2652 Onom.
1303 2615 1408 2650 Tull.
1432 2616 1481 2661 11.
1512 2627 1542 2649 ε.
1568 2628 1605 2650 v.
1629 2615 1682 2649 D.

281 2664 429 2698 Brutus.
456 2663 532 2699 Cfr.
557 2666 641 2700 Val.
666 2667 770 2700 Max.
795 2664 832 2706 8,
861 2661 917 2705 ¹5,
943 2663 979 2696 2·

327 2719 405 2764 *²⁸³5
435 2722 594 2768 Dignus,
619 2725 681 2769 qui
705 2725 773 2760 hac
797 2722 846 2759 de
869 2733 910 2756 re
934 2719 1088 2766 legatur,
1115 2725 1170 2755 est
1194 2717 1455 2768 Bernhardyus
1480 2718 1576 2754 Hist.
1601 2716 1675 2752 litt.

197 2767 199 2769 ’
281 2768 386 2803 Rom.
414 2783 450 2815 p.
479 2770 538 2803 20.
