1877 2989
702 344 820 390 Eum
855 342 1003 389 doctu'
1030 343 1324 390 Prometheus

499 410 725 472 clepsisse
760 412 864 458 dolo
900 419 982 459 etc.

222 477 392 526 omissis
422 479 588 526 verbis:

500 548 635 595 Unde
669 550 786 610 ignis
820 549 938 595 cluet
973 549 1227 596 mortalibus
1264 549 1379 597 clam

506 615 700 664 Divisus.

217 685 291 731 Ea
309 685 424 731 enim
450 686 486 731 si
505 686 756 742 addidisset,
793 688 885 733 sine
914 687 1049 733 dubio
1078 688 1359 734 intellexisset
1391 693 1531 733 totum
1564 688 1616 732 il-

216 752 293 799 lud
327 755 626 816 fragmentum
660 756 719 803 ad
753 757 858 803 Attii
891 757 1185 804 Philoctetam
1216 757 1446 804 Lemnium
1482 757 1616 819 perti-

215 839 340 870 nere.
414 825 532 871 Nam
564 828 709 873 Varro
744 827 800 872 L.
832 826 889 873 L.
916 828 1016 873 vll.
1052 829 1129 873 11.
1167 845 1210 889 p.
1245 827 1355 873 122.
1403 828 1461 873 M.
1507 827 1618 872 haec

217 891 354 940 habet
396 895 556 956 „apud
591 896 771 942 Accium
806 895 849 940 in
885 896 1136 941 Philocteta
1168 897 1381 941 Lemnio:

496 964 605 1015 Quis
628 972 675 1010 tu
700 980 747 1009 es
770 964 979 1018 mortalis,
1009 966 1082 1023 qui
1103 966 1149 1009 in
1167 965 1339 1010 deserta
1365 970 1409 1009 et
1427 971 1548 1010 tesca
1570 969 1616 1010 te

632 1038 839 1093 apportes
875 1033 974 1077 loca
1015 1030 1122 1092 (cfr.
1158 1034 1346 1079 Bothius
1382 1033 1410 1078 l.
1446 1034 1475 1078 l.
1508 1033 1615 1079 Attii

639 1101 830 1146 Philoct.
865 1101 1027 1162 fragm.
1061 1099 1133 1162 2.)

173 1200 175 1203 .
214 1165 287 1213 Ea
322 1166 439 1213 enim
472 1165 722 1229 localquae
751 1170 849 1224 sint,
879 1169 1099 1231 designat,
1134 1185 1233 1215 cum
1262 1169 1388 1215 dicit:

917 1239 1105 1283 Lemnia
1139 1245 1319 1299 praesto

494 1306 672 1352 Littora
705 1320 836 1359 rara,
872 1313 917 1351 et
947 1307 1067 1352 celsa
1098 1308 1309 1352 CabIrum

496 1375 698 1421 Delubra
733 1382 856 1420 tenes
890 1376 1185 1435 mysteriaque

498 1443 694 1489 Pristina
723 1444 852 1488 castis
889 1451 1105 1504 concepta
1142 1444 1277 1488 sacris
1312 1441 1397 1501 (cf.
1431 1442 1616 1488 Bothius

634 1511 662 1556 l.
684 1511 711 1557 l.
743 1511 903 1572 fragm.
928 1510 1031 1567 11.,
1054 1513 1298 1558 Hermanni
1321 1512 1463 1557 Elem.
1480 1513 1540 1558 D.
1557 1513 1616 1558 M.

639 1596 685 1640 p.
721 1581 855 1635 387„
886 1582 1099 1641 Langeus
1124 1581 1152 1626 l.
1175 1582 1204 1626 l.
1234 1598 1276 1641 p.
1306 1577 1408 1639 17.)

213 1647 397 1697 deinde:

709 1718 923 1764 Volcania
939 1719 1104 1779 templa
1125 1719 1207 1764 sub
1226 1719 1330 1780 ipsis

496 1786 716 1841 Collibus,
767 1788 812 1833 in
852 1804 963 1847 quos
998 1787 1167 1833 delatus
1203 1788 1332 1837 locos.

494 1854 667 1900 Dicitur
698 1855 790 1900 alto
811 1857 868 1899 ab
890 1852 1042 1901 limine
1071 1857 1182 1919 coeli
1215 1854 1375 1917 (frgm.
1399 1853 1473 1902 11.
1499 1855 1616 1917 apud

649 1919 882 1983 Bothium)

210 2000 280 2040 et:

494 2062 665 2109 Nemus
701 2063 953 2122 exspirante
975 2077 1140 2122 vapoie
1161 2062 1282 2107 vides

493 2131 663 2175 Unde·
651 2132 767 2190 ignis
793 2131 910 2175 cluet
941 2131 1198 2176 mortalibus

495 2200 625 2244 Clam
665 2199 826 2244 divisus
860 2206 943 2245 etc.

208 2272 354 2329 Atque
380 2268 544 2329 optime
582 2268 669 2313 iam
702 2268 949 2329 Scaliger’
937 2285 980 2313 m
1004 2269 1131 2314 Varr.
1161 2269 1216 2314 L.
1252 2268 1307 2314 L.
1339 2268 1396 2312 11.
1433 2284 1476 2328 p.
1500 2266 1610 2313 161.

206 2339 308 2399 Bip.
346 2337 486 2392 haec,
530 2353 643 2397 quae
666 2337 799 2397 'apud
840 2339 1083 2384 Varronem
1117 2338 1351 2398 leguntur,
1399 2352 1496 2381 cum
1534 2338 1610 2391 iis,

208 2424 322 2467 quae
341 2408 503 2452 Cicero
537 2407 565 2450 l.
584 2407 612 2451 l.
635 2407 904 2458 servavitex
929 2408 1207 2460 Philocteta,
1248 2407 1291 2449 in
1321 2420 1453 2449 unum
1486 2405 1607 2465 frag-

208 2482 401 2521 mentum
440 2475 711 2535 composuit3
771 2491 899 2535 quem
937 2476 1033 2519 iure
1078 2475 1215 2519 secuti
1262 2480 1360 2518 sunt
1390 2475 1610 2520 Herman-

208 2558 290 2589 nus
320 2546 364 2587 in
391 2545 638 2589 Comment.
675 2543 732 2587 de
760 2543 963 2602 Aeschyl.
985 2543 1174 2587 Philoct.
1206 2543 1321 2602 Opp.
1354 2543 1508 2588 acadd.
1528 2543 1609 2587 111.

205 2630 251 2675 p.
288 2611 400 2658 120.
438 2620 482 2658 et
501 2612 764 2659 Welckerus
793 2613 837 2657 in
868 2611 979 2658 Mus.
1003 2612 1148 2658 Rben.
1169 2613 1222 2658 V.
1254 2629 1295 2672 p.
1318 2612 1430 2657 469.
1491 2612 1620 2659 ναι·-Δ

208 2683 327 2728 ronis
359 2681 744 2740 verbapostrema
768 2682 904 2742 vulgo
931 2683 995 2727 sic
1023 2682 1362 2727 constituuntur:

351 2757 396 2797 et
431 2748 651 2797 Naevius:
703 2750 972 2812 Exspirante
1005 2767 1169 2812 vapore
1203 2749 1323 2796 vides
1359 2756 1440 2795 etc.
