1877 2989
730 207 1024 252 ..25-

133 315 135 317 .
176 335 280 380 Lat.
315 325 501 392 t.*Cap.
539 331 585 377 7.
626 343 831 375 numeros
866 326 1050 388 agnovit
1096 325 1208 385 (cfr.
1242 327 1447 374 Davisius
1482 326 1527 373 in
1557 327 1586 372 l.

178 404 205 446 l.
242 407 307 444 ‘et>
331 401 603 460 Bergmanni
648 400 896 443 Commeat.
944 396 1001 439 de
1048 397 1125 442 litt.
1168 396 1417 443 conditione
1468 395 1585 458 apud

181 472 312 516 Rem.
343 486 387 531 p.
427 469 554 525 20.)‚
597 468 655 513 de
690 467 846 527 quibus
892 472 1037 512 tamen
1075 465 1289 514 dubitavit
1331 466 1584 527 Madvigius

182 633 347 662 secutum
375 619 454 661 esse
493 628 540 659 ex
565 623 754 659 Ciceronis
778 623 889 664 loco,
949 637 1057 669 quem
1092 635 1203 668 supra
1236 623 1445 666 attulimus,
1495 636 1587 670 per-

183 675 349 719 spicitur.
411 671 565 707 Praeter
587 670 653 703 itta
685 669 760 703 duo
785 667 988 713 fragmenta
1018 670 1252 703 vveiehertus
1286 670 1588 703 commemoravit

181 721 304 755 Porcii
332 718 579 765 epigramma,
606 714 710 762 quod
735 715 873 761 legitur
900 716 1000 763 apud
1027 716 1187 751 Gellium
1215 714 1272 761 19,
1296 714 1332 751 9.
1368 717 1413 751 lis
1440 715 1587 751 adden-

181 766 219 801 di
249 773 334 800 sunt
358 776 404 799 ex
424 764 525 798 Suet.
546 763 608 797 vit.
635 763 788 798 Terent.
811 761 903 809 Cap.
929 766 961 797 1.
991 763 1185 798 duodecim
1211 775 1352 808 versus,
1379 776 1471 808 quos
1498 777 1586 798 con-

181 813 329 856 scripsit
361 810 408 843 de
433 811 601 844 Terentii
630 811 730 851 vita,
776 810 886 843 etiam
924 810 997 855 ipsi
1030 810 1226 843 trochaicis
1261 811 1435 843 numeris.
1528 810 1588 843 De

179 859 300 892 Ennio
325 857 495 890 Licinum
519 856 636 901 egisse
661 856 765 890 testis
793 864 848 891 est
872 856 992 890 Varro
1017 855 1064 891 L.
1089 855 1135 890 L.
1160 868 1198 901 p.
1224 852 1284 890 45.
1314 856 1399 901 Bip.
1416 880 1427 900 ‚
1460 868 1498 901 p.
1528 853 1588 890 64.

179 900 453 939 M-Praeterea
478 902 611 937 Varro.
637 902 672 946 7,
702 900 781 944 104,
809 916 844 950 p.
875 901 956 938 160.
990 903 1045 937 Μ.
1079 911 1114 937 et
1141 901 1327 938 Charisius
1364 915 1401 948 p.
1439 901 1518 937 103.
1543 900 1590 940 Ρ.

184 953 264 984 eius
288 951 506 984 auctoritate
536 956 690 983 utuntur
723 949 770 982 ad
797 949 995 983 verborum
1021 948 1328 993 significationem
1354 950 1590 983 constituen-

181 996 278 1030 dam.
336 997 438 1030 Haec
479 995 682 1040 fragmenta
720 994 766 1028 ad
799 1008 913 1028 unum
947 995 1178 1040 eundemque
1211 995 1380 1029 Porcium
1413 995 1588 1032 Licinum

188 1051 274 1077 sunt
298 1039 513 1085 referenda,
552 1042 583 1075 is
611 1054 699 1076 vero
734 1042 861 1087 utique
896 1041 1176 1087 distinguendus
1218 1049 1272 1075 est
1307 1054 1326 1074 a
1362 1040 1403 1076 C.
1437 1039 1587 1076 Licinio

181 1088 316 1129 Calvo,
343 1096 493 1123 oratore
515 1087 583 1122 illo
614 1087 714 1122 claro
741 1095 778 1121 et
803 1096 930 1134 poeta,
957 1096 993 1121 et
1016 1101 1035 1121 a
1060 1086 1101 1122 C.
1123 1088 1269 1121 Licinio
1291 1088 1458 1128 lmbrice,
1479 1096 1589 1132 poeta

182 1136 337 1176 comico.
362 1150 409 1157 —-
465 1134 524 1167 De
565 1141 754 1180 tempore,
798 1146 871 1180 quo
909 1132 1063 1168 Porcius
1110 1134 1270 1175 vixerit,
1333 1146 1415 1167 cum
1446 1142 1589 1169 veteres

182 1182 380 1228 scriptores
406 1180 539 1214 sileant
555 1203 565 1221 ,
596 1179 659 1213 alii
688 1180 798 1214 aliter
823 1179 1011 1224 judicant3
1038 1181 1184 1214 siceum
1197 1178 1436 1214 Weichertus
1462 1182 1589 1216 nescio

181 1229 314 1273 quibus
339 1227 545 1260 rationibus
578 1225 710 1260 ductus
746 1228 965 1268 „iuniorem
992 1227 1162 1260 Terentii
1199 1226 1422 1271 aequalem“
1476 1227 1590 1261 fuisse

180 1275 406 1320 suspicatur,
433 1271 641 1317 Madvigius
669 1280 790 1306 autem
816 1274 855 1306 in
884 1280 1081 1309 comment.
1107 1271 1155 1306 de
1181 1269 1226 1306 L.
1252 1273 1348 1306 Attii
1371 1271 1591 1307 Didascali-

183 1321 235 1355 cis
261 1318 377 1367 (Opp.
404 1317 534 1352 acadd.
565 1320 591 1361 1,
622 1331 661 1364 p.
698 1317 799 1362 107.)
834 1326 932 1362 tum,
967 1318 1068 1364 quod
1103 1318 1245 1352 Gellius
1274 1330 1357 1353 eum
1410 1327 1591 1366 raeponat

183 1366 229 1411 Q.
256 1365 409 1399 Lutatio
435 1363 588 1406 Catulo,
617 1376 719 1398 cons.
747 1365 890 1399 a.‡652.
923 1365 985 1408 U.,
1016 1364 1148 1400 Catulo
1175 1365 1349 1408 majorem
1394 1367 1490 1400 uisse
1515 1366 1592 1400 col-

181 1413 264 1495 Ῑὲςίῐ
279 1436 290 1455 ,
306 1420 394 1501 1t)u,m
421 1410 522 1457 quod
545 1409 702 1446 Licinus
728 1411 775 1446 de
801 1412 981 1457 Terentio
1007 1413 1196 1458 scripserit
1218 1412 1339 1453 (Suet.
1358 1415 1421 1448 vit.
1435 1414 1587 1447 Terent.

216 1471 234 1493 a
266 1483 275 1492 .
351 1470 360 1493 :

238 1472 261 1506 p
1008 1503 1103 1537 nibil
1128 1502 1284 1538 Publius

275 1549 402 1597 Scipio
428 1547 594 1596 profuit,
624 1547 721 1583 nihil
748 1547 783 1582 ei
807 1546 982 1592 Laelius,
1013 1551 1107 1583 nihil
1131 1551 1285 1584 Furius:

279 1597 374 1631 Tres
400 1608 470 1644 per
495 1594 595 1629 idem
623 1602 793 1642 tempus,
821 1597 884 1640 qui
913 1596 1121 1641 agitabant,
1148 1597 1297 1631 nobiles
1323 1595 1498 1631 facillime

189 1643 381 1687 aliquanto
407 1649 494 1686 post
521 1642 741 1674 Terentium
767 1643 959 1688 scripsisse
984 1650 1113 1687 putat3
1142 1641 1303 1676 Orellius
1328 1655 1415 1677 vero
1431 1642 1591 1685 (Onom.

183 1689 285 1723 Tull.
311 1688 357 1723 ΙΙ.
384 1685 535 1735 p.493.)
561 1699 641 1721 eum
670 1688 817 1721 circiter
842 1700 875 1722 a.
902 1686 984 1723 640.
1012 1690 1055 1723 U.
1080 1688 1249 1724 floruisse
1276 1686 1445 1732 affirmat,
1470 1689 1594 1723 Baeh-

186 1737 261 1769 rius
287 1735 449 1780 denique
481 1735 576 1768 Hist.
601 1734 673 1767 litt.
700 1735 806 1768 Rom.
839 1748 878 1780 p.
904 1736 985 1769 321.
1005 1735 1073 1768 Ed.
1101 1749 1174 1769 sec.
1203 1736 1359 1770 eundem
1390 1748 1468 1770 esse
1500 1748 1593 1769 con-

185 1781 306 1815 tendit
333 1794 375 1815 ac
401 1780 574 1814 Porcium
600 1778 808 1822 Licinium,
835 1782 1023 1815 consulem
1050 1794 1083 1815 a.
1109 1783 1189 1816 570.
1218 1783 1262 1816 U.
1289 1782 1350 1815 Ad
1374 1780 1497 1815 Licini
1525 1794 1595 1814 au-

185 1835 261 1863 tem
286 1835 443 1864 aetatem
469 1827 674 1861 accuratius
701 1825 949 1862 definiendam
985 1841 1074 1875 prae
1099 1829 1229 1863 ceteris
1271 1828 1367 1862 valet
1392 1828 1503 1862 Gellii
1538 1828 1593 1863 lo·

185 1887 247 1909 cus
276 1874 330 1918 19,
356 1873 392 1917 9,
418 1886 491 1919 quo
518 1873 564 1907 de
591 1874 728 1907 erotica
753 1875 858 1918 poesi
885 1874 1051 1915 disserit3
1083 1875 1135 1907 ibi
1162 1877 1261 1908 enim
1316 1882 1485 1919 ostquam
1511 1873 1593 1907 Lu-

190 1923 320 1955 tatium
346 1919 537 1961 Catulum,
578 1917 754 1961 Calvum,
782 1918 973 1963 Laevium,
1000 1921 1252 1963 Hortensium,
1311 1923 1447 1961 innam,
1475 1921 1594 1954 Mem·

187 1968 301 2002 mium
326 1967 453 2012 paucis
482 1966 720 2012 percensuit,
746 1964 840 1999 haec
864 1967 991 2000 scribit
1025 1967 1198 2009 „sedne
1224 1979 1315 2009 nos,
1344 1966 1383 2000 id
1408 1974 1484 2008 est,
1520 1979 1593 2001 no-

186 2026 271 2049 men
296 2013 489 2052 Latinum,
534 2020 711 2057 tanquam
746 2012 913 2058 profecto
950 2026 1078 2050 vascos
1114 2013 1291 2057 quosdam
1332 2021 1368 2046 et
1401 2012 1594 2047 insubidos

185 2058 459 2103 ἅναφροδισὶας
484 2057 754 2101 condemnetis3
780 2060 982 2105 permittite
1010 2060 1109 2101 mihi,
1131 2071 1281 2103 quaeso,
1309 2060 1457 2105 operire
1472 2059 1589 2104 pallio

189 2112 331 2149 caput,
354 2104 455 2149 quod
481 2105 519 2137 in
546 2104 705 2149 quadam
730 2117 858 2149 parum
892 2105 1027 2150 pudica
1054 2107 1220 2140 oratione
1247 2105 1436 2140 Socratem
1461 2106 1591 2140 fecisse

192 2152 313 2194 aiunt,
367 2157 403 2184 et
433 2150 557 2183 audite
593 2163 634 2184 ac
668 2150 798 2184 discite
833 2160 1042 2186 nostros
1068 2165 1256 2197 quoque
1283 2153 1595 2197 antiquiores

190 2204 302 2232 ante
334 2208 432 2238 eOS,
470 2208 585 2242 quos
610 2198 924 2241 nominastis,
961 2206 1137 2246 poetas
1165 2200 1319 2232 amasios
1348 2211 1388 2232 ac
1414 2199 1595 2232 Venerios

191 2245 319 2279 fuisse.
367 2243 463 2276 Tum
491 2244 858 2291 resupinus,·capite
885 2246 1100 2289 convelato,
1135 2259 1224 2280 voce
1256 2245 1450 2280 admodum
1479 2258 1595 2290 quam

192 2293 293 2326 suavi
322 2290 456 2324 cecinit
482 2301 607 2323 versus
632 2290 776 2324 Valerii
802 2290 978 2336 Aeditui,
1005 2294 1138 2327 veteris
1163 2301 1315 2338 poetae,
1356 2294 1440 2325 item
1471 2290 1595 2327 Porcii

195 2337 332 2372 Licinii
360 2345 396 2371 et
421 2336 552 2383 Quinti
580 2335 747 2372 Catuli.“
771 2338 941 2383 Namque
977 2352 1022 2373 ex
1056 2340 1112 2373 his
1149 2340 1260 2373 Gellii
1293 2340 1414 2373 verbis
1443 2346 1597 2386 apparet

190 2385 361 2419 Licinum
388 2385 526 2418 vixisse
552 2391 637 2418 ante
663 2382 853 2427 Catulum,
887 2384 1063 2429 Calvum,
1090 2388 1337 2427 Hortensium,
1366 2394 1595 2431 ceterosque,

193 2443 287 2477 quos
313 2442 424 2477 supra
451 2432 745 2473 nominavimus,
771 2439 913 2478 poetas.
964 2433 1105 2467 Horum
1142 2439 1180 2465 ut
1209 2432 1370 2476 reliquos
1404 2433 1593 2476 omittam,

192 2479 434 2520 Hortensius,
471 2474 537 2523 qui
576 2477 675 2512 idem
703 2477 820 2512 clarus
846 2486 924 2512 erat
949 2487 1093 2521 orator,
1121 2478 1348 2522 undeviginti
1375 2490 1493 2513 anuos
1525 2492 1597 2514 na-

192 2533 251 2559 tus
277 2524 322 2559 L.
349 2523 479 2559 Crasso
507 2523 554 2569 Q.
581 2524 758 2559 Scaevola
786 2524 865 2560 Css.
894 2527 971 2559 sive
998 2539 1031 2559 a.
1057 2527 1100 2559 U.
1129 2524 1228 2565 659„
1258 2532 1297 2557 ut
1332 2523 1463 2560 Cicero
1496 2527 1597 2560 Brut.

195 2570 253 2606 64.
282 2579 410 2605 auctor
439 2578 515 2612 est,
571 2572 729 2617 primum
763 2571 802 2603 in
827 2570 910 2605 foro
939 2572 1053 2616 dixit3
1104 2578 1208 2603 natus
1235 2572 1347 2615 igitur
1379 2580 1435 2606 est
1461 2585 1493 2606 a.
1516 2571 1597 2606 640.

195 2618 241 2652 U.
257 2616 455 2664 Colligitur
478 2615 567 2651 inde
597 2616 779 2659 Licinum,
807 2623 846 2650 ut
865 2618 1063 2653 Hortensio
1083 2618 1271 2661 maiorem,
1299 2618 1349 2652 ita
1370 2620 1485 2664 ipsius
1502 2618 1598 2652 Attii

194 2664 306 2699 fuisse
335 2664 537 2710 aequalem.
564 2661 734 2706 Accedit,
757 2662 864 2742 guod
889 2663 1051 2707 Catulus,
1077 2663 1218 2699 consul.
1249 2677 1281 2700 a.
1310 2664 1461 2708 65211„
1487 2665 1599 2700 sile-

195 2712 340 2755 gitimo,
365 2718 406 2744 ut
431 2710 588 2752 videtur,
613 2722 710 2744 anno
735 2722 753 2743 a
807 2711 1032 2756 consulatum
1059 2713 1241 2755 pervenit,
1270 2720 1373 2746 natus
1392 2720 1489 2746 esta.
1501 2709 1599 2754 6093

197 2764 303 2792 natus
315 2758 426 2804 igitur
437 2764 489 2793 est
500 2755 654 2793 Licinus
665 2763 749 2792 ante
761 2768 793 2790 a.
807 2757 850 2792 U.
864 2755 944 2792 609.
972 2756 1141 2792 Licinum
1152 2771 1239 2794 vero
1251 2759 1427 2794 Terentio
1441 2766 1597 2794 mortuo.
