1877 2989
800 293 859 304 ....
917 271 978 316 30
1035 294 1092 304 -.

238 391 341 439 Attii
351 392 465 437 enim
478 389 660 437 Ilionam
684 392 804 438 solus
816 392 988 439 Nonius
1001 399 1318 437 commemorat
1328 391 1498 439 duobus
1511 393 1619 439 locis
1632 427 1645 448 ,

244 478 278 507 s.
318 478 356 506 v.
391 468 552 508 sonunt
586 478 628 522 p.
656 461 773 506 505.
805 456 850 507 et
882 461 1026 507 rimari
1059 476 1101 522 p.
1124 460 1238 506 302.
1268 460 1329 506 M.
1360 462 1543 509 Nonius.
1566 477 1643 508 au·-

244 538 347 586 tem,
379 546 508 591 quem
540 530 834 578 Weicbertus.
871 532 900 577 l.
920 530 948 577 l.
978 548 1021 592 p.
1046 531 1155 576 193.
1174 538 1299 577 recte
1327 536 1466 577 totum
1497 549 1524 578 a
1544 546 1644 580 ver-

239 601 346 654 tice,
380 608 430 646 ut
463 600 610 655 aiunt,
645 616 783 661 usque
817 600 875 645 ad
910 610 1150 645 extremum
1186 615 1379 661 unguem
1412 600 1537 645 ulcus
1573 618 1643 647 es-

245 686 293 715 se
328 669 460 725 dicit,
525 671 728 732 quoniam
774 671 1175 731 negligentissimus
1220 675 1286 717 est
1331 670 1374 714 in
1418 670 1644 731 poetarum

247 740 493 784 nominibus
525 749 569 784 et
586 741 825 784 Pacuvium
862 740 1141 783 commutavit
1175 741 1348 799 saepius
1382 754 1480 784 cum
1501 740 1642 785 Attio:

243 815 419 869 poterat
454 807 608 853 eodem
646 824 824 862 errore,
872 824 959 868 quo
995 808 1114 854 Attio
1162 807 1392 869 adscripsit
1431 808 1645 854 Dulores-

240 885 331 923 tem
361 877 664 937 tragoediam,
730 879 1010 924 Pacuvianae
1051 877 1226 923 fabulae
1272 878 1360 922 duo
1394 877 1644 938 fragmenta

241 947 360 992 Attio
420 947 626 993 tribuere.
731 947 914 993 Certum
964 962 1069 992 vero
1118 946 1203 992 hac
1248 946 1304 991 de
1348 962 1397 992 re
1437 947 1642 993 iudicium

240 1016 360 1061 ferre
394 1032 482 1060 non
516 1017 651 1061 ausim
686 1025 866 1077 propter
902 1017 1109 1060 librorum
1143 1017 1186 1060 in
1224 1017 1326 1060 Attii
1350 1018 1522 1060 nomine
1542 1018 1645 1061 con-

244 1100 433 1136 sensum.
505 1085 749 1130 Scriverius
784 1084 974 1131 Collect.
1014 1091 1165 1146 tragg.
1197 1084 1329 1129 Rom.
1368 1102 1411 1145 p,
1444 1085 1561 1133 112..
1587 1085 1644 1131 ad

242 1155 427 1199 alterum
461 1155 630 1200 Ilionae
663 1156 955 1216 fragmentum
993 1154 1214 1199 annotavit
1248 1154 1362 1207 „boc
1384 1154 1497 1198 Iunii
1527 1170 1644 1200 mar-

246 1239 310 1283 go
339 1223 535 1268 Pacuvio
570 1223 800 1277 adscribit,
837 1225 922 1269 mei
952 1222 1095 1268 codd.
1132 1239 1216 1267 non
1253 1223 1459 1268 variant.“
1510 1223 1648 1269 Erra-

238 1294 300 1338 vit
334 1301 479 1338 autem
515 1294 729 1354 Heyneus
757 1294 942 1338 Excurs.
968 1295 1048 1337 24.
1073 1291 1129 1337 ad
1167 1294 1292 1353 Virg.
1316 1296 1421 1338 Aen.
1439 1294 1489 1346 I.,
1527 1293 1644 1353 quod

240 1377 419 1415 versus,
471 1363 543 1421 qui
574 1363 618 1406 in
655 1363 750 1407 Cic.
785 1361 956 1407 Acadd.
988 1363 1034 1414 2,
1070 1363 1151 1405 27.
1198 1370 1394 1415 exstant,
1450 1360 1506 1406 ad
1542 1362 1645 1407 Attii

243 1430 429 1475 Ilionam
466 1431 620 1484 refert,
675 1447 788 1490 quae
824 1431 969 1491 opinio
1007 1430 1125 1474 nullo
1160 1445 1339 1491 prorsus
1384 1437 1645 1491 argumento

243 1499 416 1554 nititur3
463 1499 642 1544 eosdem
679 1515 830 1545 versus
864 1499 936 1544 alii
969 1499 1188 1552 Pacuvio,
1244 1499 1315 1543 alii
1342 1498 1488 1544 Ennio
1524 1499 1647 1544 adiu-

239 1567 423 1622 ·dicant;
480 1584 631 1614 verum
661 1584 759 1615 cum
794 1568 947 1614 horum
982 1574 1212 1629 poetarum
1251 1568 1323 1613 bic
1354 1567 1537 1613 Ilionam
1557 1584 1644 1614 non

250 1637 465 1691 ediderit,
509 1645 556 1683 ut
591 1638 739 1683 docuit
773 1638 1050 1683 Duentzerus
1082 1638 1110 1683 l.
1146 1638 1175 1682 l.
1213 1654 1254 1698 p.
1293 1636 1397 1692 57.‚
1463 1638 1647 1683 Pacuvii

245 1715 391 1752 autem
425 1707 574 1751 fabula
609 1708 886 1768 saepissime,
930 1707 1078 1751 addita
1111 1722 1302 1766 magnae
1334 1706 1473 1751 laudis
1511 1707 1645 1767 signi-

245 1776 466 1828 ficatione,
502 1776 770 1830 nominetur,
804 1776 1073 1836 probabilius
1098 1776 1326 1835 aliquanto.
1342 1783 1410 1821 est
1442 1775 1500 1821 ad
1529 1776 1646 1821 hunc

242 1844 353 1888 Attii
389 1844 618 1902 aequalem
653 1860 730 1888 eos
763 1844 1021 1888 referendos
1055 1859 1152 1887 esse
1186 1858 1350 1887 versus.

381 1911 577 1957 Tantum
614 1911 671 1956 de
702 1912 857 1957 Iliona.
938 1910 1067 1963 Quod
1099 1926 1203 1956 vero
1237 1912 1280 1956 in
1316 1911 1512 1956 Macrob.
1559 1912 1642 1958 Sa-

239 1987 355 2024 turn.
392 1980 470 2033 VI,
508 1982 554 2025 5.
592 1981 724 2040 vulgo
763 1982 824 2026 ita
859 1980 1024 2040 legitur
1067 1980 1254 2036 „Accius
1291 1981 1333 2024 in
1370 1980 1637 2025 Philoctete.

240 2047 367 2095 Idem
402 2049 447 2094 in
486 2049 760 2096 Minotauro:
825 2050 1061 2109 taurigeno
1099 2049 1263 2094 semine
1297 2055 1441 2094 ortum
1471 2065 1526 2094 an
1562 2049 1642 2095 hu-

244 2118 438 2163 mano?“
474 2119 602 2163 etiam
624 2120 896 2164 Minotaurus
930 2120 974 2162 in
1009 2118 1113 2163 Attii
1145 2118 1300 2162 fabulis
1325 2119 1642 2164 nominabatur.

246 2188 361 2232 Cum
400 2203 502 2232 vero
536 2204 666 2233 nemo
701 2203 892 2247 unquam
927 2186 984 2231 de
1027 2187 1273 2231 Minotauro
1314 2187 1503 2233 fabulam
1548 2204 1643 2232 sce-

245 2256 389 2301 nicam
419 2258 739 2318 composuerit,
803 2256 947 2300 locum
977 2256 1097 2300 illum
1142 2262 1393 2316 corruptum
1424 2272 1521 2301 esse
1556 2264 1646 2301 sta-

242 2326 321 2371 tim
354 2326 660 2386 intelligimus3
725 2341 910 2385 cumque
948 2326 1202 2372 Priscianus
1239 2326 1315 2371 VI.
1361 2342 1404 2386 p.
1443 2325 1554 2370 6⁷7.
1587 2325 1641 2373 P.

246 2394 403 2440 eadem
437 2395 514 2440 illa
551 2396 687 2441 verba
730 2403 934 2455 tanquam
980 2411 1037 2440 ex
1076 2397 1181 2441 Attii
1225 2396 1334 2440 Ione
1379 2394 1640 2455 deprompta

246 2471 581 2519 commemoret,
610 2465 844 2510 Minotauri
881 2479 1038 2509 nomen
1075 2470 1261 2526 apparet
1290 2462 1466 2509 librario
1501 2462 1642 2509 debe-

246 2533 313 2585 ri,
348 2534 421 2593 qui
454 2534 913 2596 illud-conglutinavit
959 2549 1014 2578 ex
1048 2532 1159 2579 Ione
1191 2540 1236 2579 et
1270 2534 1488 2592 sequentis
1522 2534 1641 2579 vocis

242 2603 539 2662 ‚‚taurigeno“
575 2604 710 2649 initio.
782 2603 970 2649 Bothius
1004 2603 1078 2648 l.l.
1112 2620 1155 2665 p.
1175 2604 1288 2649 200.
1327 2603 1536 2665 scriptum
1572 2619 1640 2648 es-

243 2687 292 2717 se
327 2687 354 2717 a
391 2671 616 2718 Macrobio
654 2680 777 2735 putat
812 2672 956 2727 „idem
998 2673 1040 2717 in
1077 2673 1128 2718 Io
1161 2680 1288 2719 taura
1337 2672 1403 2717 vel
1443 2672 1486 2716 in
1531 2672 1641 2717 Ione

244 2743 415 2795 taura,“
455 2742 695 2788 Scriverius
731 2744 760 2788 l.
789 2744 816 2787 l.
849 2740 894 2804 pJ
933 2743 1041 2786 127.
1075 2742 1166 2803 legi
1204 2741 1352 2787 maluit
1400 2741 1544 2798 „idem
1582 2741 1640 2786 de

241 2808 488 2857 Minotauro
499 2814 542 2867 ,⁶⁶
579 2813 648 2857 cui
687 2813 897 2859 assentire
930 2811 1101 2859 videtur
1135 2813 1312 2858 Vossius
1351 2811 1562 2872 Castigg.
1597 2824 1640 2870 p.
