<?xml version="1.0" encoding="UTF-8"?>
<!DOCTYPE html PUBLIC "-//W3C//DTD XHTML 1.0 Transitional//EN"
    "http://www.w3.org/TR/xhtml1/DTD/xhtml1-transitional.dtd">
<html xmlns="http://www.w3.org/1999/xhtml" xml:lang="en" lang="en">
 <head>
  <title>
</title>
<meta http-equiv="Content-Type" content="text/html;charset=utf-8" />
  <meta name='ocr-system' content='tesseract 3.04.00' />
  <meta name='ocr-capabilities' content='ocr_page ocr_carea ocr_par ocr_line ocrx_word'/>
</head>
<body>
  <div class='ocr_page' id='page_1' title='image "4737171_0031.png"; bbox 0 0 1877 2989; ppageno 0'>
   <div class='ocr_carea' id='block_1_1' title="bbox 745 224 1033 274">
    <p class='ocr_par' dir='ltr' id='par_1_1' title="bbox 745 224 1033 274">
     <span class='ocr_line' id='line_1_1' title="bbox 745 224 1033 274; baseline -0.007 -11"><span class='ocrx_word' id='word_1_1' title='bbox 745 224 1033 274; x_wconf 66' lang='grc' dir='ltr'>..η’-</span> 
     </span>
    </p>
   </div>
   <div class='ocr_carea' id='block_1_2' title="bbox 125 347 1583 1853">
    <p class='ocr_par' dir='ltr' id='par_1_2' title="bbox 125 347 1583 1237">
     <span class='ocr_line' id='line_1_2' title="bbox 150 347 1582 412; baseline 0.001 -16"><span class='ocrx_word' id='word_1_2' title='bbox 150 353 160 359; x_wconf 84' lang='grc'><em>“</em></span> <span class='ocrx_word' id='word_1_3' title='bbox 187 349 398 410; x_wconf 77' lang='lat' dir='ltr'><strong>reliquiae</strong></span> <span class='ocrx_word' id='word_1_4' title='bbox 431 365 510 396; x_wconf 89' lang='lat' dir='ltr'><strong>nos</strong></span> <span class='ocrx_word' id='word_1_5' title='bbox 544 349 707 397; x_wconf 82' lang='lat' dir='ltr'><strong>docent</strong></span> <span class='ocrx_word' id='word_1_6' title='bbox 735 347 792 410; x_wconf 70' lang='lat'><strong>*).</strong></span> <span class='ocrx_word' id='word_1_7' title='bbox 836 371 840 375; x_wconf 58' lang='lat'><strong><em>¹</em></strong></span> <span class='ocrx_word' id='word_1_8' title='bbox 864 350 1020 409; x_wconf 85' lang='lat' dir='ltr'><strong>Itaque</strong></span> <span class='ocrx_word' id='word_1_9' title='bbox 1055 355 1102 394; x_wconf 90' lang='lat' dir='ltr'><strong>ut</strong></span> <span class='ocrx_word' id='word_1_10' title='bbox 1146 363 1237 394; x_wconf 87' lang='lat' dir='ltr'><strong>rem</strong></span> <span class='ocrx_word' id='word_1_11' title='bbox 1282 348 1439 396; x_wconf 82' lang='lat' dir='ltr'><strong>ordine</strong></span> <span class='ocrx_word' id='word_1_12' title='bbox 1481 365 1582 412; x_wconf 84' lang='lat' dir='ltr'><strong>per-</strong></span> 
     </span>
     <span class='ocr_line' id='line_1_3' title="bbox 186 416 1583 481; baseline 0.001 -16"><span class='ocrx_word' id='word_1_13' title='bbox 186 435 372 479; x_wconf 80' lang='lat' dir='ltr'><strong>sequar,</strong></span> <span class='ocrx_word' id='word_1_14' title='bbox 406 420 587 481; x_wconf 82' lang='lat' dir='ltr'><strong>primum</strong></span> <span class='ocrx_word' id='word_1_15' title='bbox 622 421 735 466; x_wconf 81' lang='lat' dir='ltr'><strong>infra</strong></span> <span class='ocrx_word' id='word_1_16' title='bbox 775 422 954 480; x_wconf 81' lang='lat' dir='ltr'><strong>ponam&#39;</strong></span> <span class='ocrx_word' id='word_1_17' title='bbox 978 417 1051 463; x_wconf 87' lang='lat' dir='ltr'><strong>hic</strong></span> <span class='ocrx_word' id='word_1_18' title='bbox 1082 416 1272 463; x_wconf 89' lang='lat' dir='ltr'><strong>indicem</strong></span> <span class='ocrx_word' id='word_1_19' title='bbox 1314 421 1465 466; x_wconf 77' lang='lat' dir='ltr'><strong>&#39;earum</strong></span> <span class='ocrx_word' id='word_1_20' title='bbox 1493 420 1583 467; x_wconf 47' lang='lat' dir='ltr'><strong>*fa-</strong></span> 
     </span>
     <span class='ocr_line' id='line_1_4' title="bbox 187 487 1581 549; baseline 0.003 -17"><span class='ocrx_word' id='word_1_21' title='bbox 187 488 401 542; x_wconf 71' lang='lat' dir='ltr'><strong>balarum,</strong></span> <span class='ocrx_word' id='word_1_22' title='bbox 429 506 545 549; x_wconf 83' lang='lat' dir='ltr'><strong>quae</strong></span> <span class='ocrx_word' id='word_1_23' title='bbox 580 493 721 534; x_wconf 80' lang='lat' dir='ltr'><strong>recte&#39;</strong></span> <span class='ocrx_word' id='word_1_24' title='bbox 737 488 796 534; x_wconf 91' lang='lat' dir='ltr'><strong>ad</strong></span> <span class='ocrx_word' id='word_1_25' title='bbox 830 488 993 533; x_wconf 84' lang='lat' dir='ltr'><strong>Attium</strong></span> <span class='ocrx_word' id='word_1_26' title='bbox 1022 487 1178 532; x_wconf 81' lang='lat' dir='ltr'><strong>referri</strong></span> <span class='ocrx_word' id='word_1_27' title='bbox 1213 487 1424 547; x_wconf 80' lang='lat' dir='ltr'><strong>videntur.</strong></span> <span class='ocrx_word' id='word_1_28' title='bbox 1467 491 1581 536; x_wconf 84' lang='lat' dir='ltr'><strong>Sunt</strong></span> 
     </span>
     <span class='ocr_line' id='line_1_5' title="bbox 184 550 1578 614; baseline 0.002 -12"><span class='ocrx_word' id='word_1_29' title='bbox 184 563 335 605; x_wconf 29' lang='lat' dir='ltr'><strong>autem.</strong></span> <span class='ocrx_word' id='word_1_30' title='bbox 378 559 488 603; x_wconf 83' lang='lat' dir='ltr'><strong>hae:</strong></span> <span class='ocrx_word' id='word_1_31' title='bbox 548 558 738 603; x_wconf 88' lang='lat' dir='ltr'><strong>Achilles</strong></span> <span class='ocrx_word' id='word_1_32' title='bbox 757 589 770 611; x_wconf 94' lang='lat'><strong>,</strong></span> <span class='ocrx_word' id='word_1_33' title='bbox 834 555 1123 613; x_wconf 82' lang='lat' dir='ltr'><strong>Aegistheus,</strong></span> <span class='ocrx_word' id='word_1_34' title='bbox 1159 550 1578 614; x_wconf 70' lang='lat' dir='ltr'><strong>Agamemnonidae,</strong></span> 
     </span>
     <span class='ocr_line' id='line_1_6' title="bbox 183 621 1581 687; baseline 0.001 -14"><span class='ocrx_word' id='word_1_35' title='bbox 183 621 392 683; x_wconf 77' lang='lat' dir='ltr'><strong>Alcestis,</strong></span> <span class='ocrx_word' id='word_1_36' title='bbox 448 627 712 682; x_wconf 82' lang='lat' dir='ltr'><strong>Alcmaeon,</strong></span> <span class='ocrx_word' id='word_1_37' title='bbox 739 624 1061 687; x_wconf 79' lang='lat' dir='ltr'><strong>Alphesiboea,</strong></span> <span class='ocrx_word' id='word_1_38' title='bbox 1096 623 1358 687; x_wconf 80' lang='lat' dir='ltr'><strong>Amphitruo</strong></span> <span class='ocrx_word' id='word_1_39' title='bbox 1401 627 1581 674; x_wconf 82' lang='lat' dir='ltr'><strong>Andro-</strong></span> 
     </span>
     <span class='ocr_line' id='line_1_7' title="bbox 184 696 1579 756; baseline 0 -13"><span class='ocrx_word' id='word_1_40' title='bbox 184 698 339 751; x_wconf 83' lang='lat' dir='ltr'><strong>meda,</strong></span> <span class='ocrx_word' id='word_1_41' title='bbox 377 697 695 752; x_wconf 76' lang='lat' dir='ltr'><strong>Antenoridae,</strong></span> <span class='ocrx_word' id='word_1_42' title='bbox 729 696 975 756; x_wconf 78' lang='lat' dir='ltr'><strong>Antigona,</strong></span> <span class='ocrx_word' id='word_1_43' title='bbox 1009 699 1312 756; x_wconf 77' lang='lat' dir='ltr'><strong>Argonautae,</strong></span> <span class='ocrx_word' id='word_1_44' title='bbox 1346 698 1579 743; x_wconf 88' lang='lat' dir='ltr'><strong>Armorum</strong></span> 
     </span>
     <span class='ocr_line' id='line_1_8' title="bbox 182 763 1578 828; baseline 0.001 -18"><span class='ocrx_word' id='word_1_45' title='bbox 182 765 410 818; x_wconf 87' lang='lat' dir='ltr'><strong>iudicium,</strong></span> <span class='ocrx_word' id='word_1_46' title='bbox 440 767 688 823; x_wconf 78' lang='lat' dir='ltr'><strong>Astyanax,</strong></span> <span class='ocrx_word' id='word_1_47' title='bbox 725 764 946 819; x_wconf 75' lang='lat' dir='ltr'><strong>Athamas,</strong></span> <span class='ocrx_word' id='word_1_48' title='bbox 980 767 1147 819; x_wconf 75' lang='lat' dir='ltr'><strong>AtreuS,</strong></span> <span class='ocrx_word' id='word_1_49' title='bbox 1181 763 1401 827; x_wconf 87' lang='lat' dir='ltr'><strong>Bacchae,</strong></span> <span class='ocrx_word' id='word_1_50' title='bbox 1432 767 1578 828; x_wconf 83' lang='lat' dir='ltr'><strong>Chry-</strong></span> 
     </span>
     <span class='ocr_line' id='line_1_9' title="bbox 183 833 1579 894; baseline 0.001 -16"><span class='ocrx_word' id='word_1_51' title='bbox 183 835 345 893; x_wconf 83' lang='lat' dir='ltr'><strong>sippus,</strong></span> <span class='ocrx_word' id='word_1_52' title='bbox 378 834 742 893; x_wconf 79' lang='lat' dir='ltr'><strong>Clytaemnestra,</strong></span> <span class='ocrx_word' id='word_1_53' title='bbox 773 833 1044 893; x_wconf 81' lang='lat' dir='ltr'><strong>Deiphobus,</strong></span> <span class='ocrx_word' id='word_1_54' title='bbox 1076 833 1332 886; x_wconf 84' lang='lat' dir='ltr'><strong>Diomedes,</strong></span> <span class='ocrx_word' id='word_1_55' title='bbox 1368 834 1579 894; x_wconf 80' lang='lat' dir='ltr'><strong>Epigoni,</strong></span> 
     </span>
     <span class='ocr_line' id='line_1_10' title="bbox 183 901 1578 962; baseline 0.002 -16"><span class='ocrx_word' id='word_1_56' title='bbox 183 902 571 962; x_wconf 83' lang='lat' dir='ltr'><strong>Epinausimache,</strong></span> <span class='ocrx_word' id='word_1_57' title='bbox 607 902 830 962; x_wconf 84' lang='lat' dir='ltr'><strong>Erigona,</strong></span> <span class='ocrx_word' id='word_1_58' title='bbox 864 902 1092 962; x_wconf 81' lang='lat' dir='ltr'><strong>Eriphyla,</strong></span> <span class='ocrx_word' id='word_1_59' title='bbox 1125 901 1390 962; x_wconf 87' lang='lat' dir='ltr'><strong>Eurysaces,</strong></span> <span class='ocrx_word' id='word_1_60' title='bbox 1427 903 1578 949; x_wconf 87' lang='lat' dir='ltr'><strong>Hecu-</strong></span> 
     </span>
     <span class='ocr_line' id='line_1_11' title="bbox 184 970 1577 1033; baseline 0.002 -18"><span class='ocrx_word' id='word_1_61' title='bbox 184 971 265 1024; x_wconf 88' lang='lat' dir='ltr'><strong>ba,</strong></span> <span class='ocrx_word' id='word_1_62' title='bbox 300 971 544 1025; x_wconf 78' lang='lat' dir='ltr'><strong>Hellenes,</strong></span> <span class='ocrx_word' id='word_1_63' title='bbox 563 971 629 1024; x_wconf 89' lang='lat' dir='ltr'><strong>Io,</strong></span> <span class='ocrx_word' id='word_1_64' title='bbox 665 970 848 1024; x_wconf 86' lang='lat' dir='ltr'><strong>Medea,</strong></span> <span class='ocrx_word' id='word_1_65' title='bbox 879 971 1143 1031; x_wconf 86' lang='lat' dir='ltr'><strong>Melanippa,</strong></span> <span class='ocrx_word' id='word_1_66' title='bbox 1174 970 1421 1031; x_wconf 81' lang='lat' dir='ltr'><strong>Meleager,</strong></span> <span class='ocrx_word' id='word_1_67' title='bbox 1456 972 1577 1033; x_wconf 88' lang='lat' dir='ltr'><strong>Myr-</strong></span> 
     </span>
     <span class='ocr_line' id='line_1_12' title="bbox 182 1039 1577 1100; baseline 0.001 -16"><span class='ocrx_word' id='word_1_68' title='bbox 182 1039 404 1095; x_wconf 84' lang='lat' dir='ltr'><strong>midones,</strong></span> <span class='ocrx_word' id='word_1_69' title='bbox 437 1040 779 1100; x_wconf 81' lang='lat' dir='ltr'><strong>Neoptolemus,</strong></span> <span class='ocrx_word' id='word_1_70' title='bbox 813 1040 1132 1100; x_wconf 80' lang='lat' dir='ltr'><strong>Nyctegresia,</strong></span> <span class='ocrx_word' id='word_1_71' title='bbox 1168 1040 1448 1093; x_wconf 87' lang='lat' dir='ltr'><strong>Oenomaus,</strong></span> <span class='ocrx_word' id='word_1_72' title='bbox 1485 1042 1577 1086; x_wconf 87' lang='lat' dir='ltr'><strong>Pe-</strong></span> 
     </span>
     <span class='ocr_line' id='line_1_13' title="bbox 181 1104 1577 1168; baseline 0.001 -14"><span class='ocrx_word' id='word_1_73' title='bbox 181 1109 379 1168; x_wconf 79' lang='lat' dir='ltr'><strong>lopidae,</strong></span> <span class='ocrx_word' id='word_1_74' title='bbox 413 1107 628 1155; x_wconf 87' lang='lat' dir='ltr'><strong>Persidae</strong></span> <span class='ocrx_word' id='word_1_75' title='bbox 664 1104 760 1167; x_wconf 69' lang='lat'><strong>(2²),</strong></span> <span class='ocrx_word' id='word_1_76' title='bbox 803 1108 1098 1162; x_wconf 83' lang='lat' dir='ltr'><strong>Philoctetes,</strong></span> <span class='ocrx_word' id='word_1_77' title='bbox 1132 1107 1379 1168; x_wconf 86' lang='lat' dir='ltr'><strong>Phinidae,</strong></span> <span class='ocrx_word' id='word_1_78' title='bbox 1426 1110 1577 1155; x_wconf 83' lang='lat' dir='ltr'><strong>Phoe-</strong></span> 
     </span>
     <span class='ocr_line' id='line_1_14' title="bbox 125 1176 1577 1237; baseline 0.001 -16"><span class='ocrx_word' id='word_1_79' title='bbox 125 1235 127 1237; x_wconf 24' lang='lat'>·</span> <span class='ocrx_word' id='word_1_80' title='bbox 182 1177 352 1230; x_wconf 79' lang='lat' dir='ltr'><strong>nissae,</strong></span> <span class='ocrx_word' id='word_1_81' title='bbox 404 1176 724 1230; x_wconf 84' lang='lat' dir='ltr'><strong>Prometheus,</strong></span> <span class='ocrx_word' id='word_1_82' title='bbox 775 1176 1017 1221; x_wconf 88' lang='lat' dir='ltr'><strong>Stasiastae</strong></span> <span class='ocrx_word' id='word_1_83' title='bbox 1074 1177 1143 1220; x_wconf 88' lang='lat' dir='ltr'><strong>vel</strong></span> <span class='ocrx_word' id='word_1_84' title='bbox 1188 1176 1443 1236; x_wconf 82' lang='lat' dir='ltr'><strong>Tropaeum</strong></span> <span class='ocrx_word' id='word_1_85' title='bbox 1498 1178 1577 1223; x_wconf 84' lang='lat' dir='ltr'><strong>Li-</strong></span> 
     </span>
    </p>

    <p class='ocr_par' dir='ltr' id='par_1_3' title="bbox 179 1238 1576 1853">
     <span class='ocr_line' id='line_1_15' title="bbox 182 1238 1576 1307; baseline 0 -16"><span class='ocrx_word' id='word_1_86' title='bbox 182 1246 277 1291; x_wconf 85' lang='lat' dir='ltr'><strong>beri</strong></span> <span class='ocrx_word' id='word_1_87' title='bbox 299 1238 410 1305; x_wconf 63' lang='grc' dir='ltr'><strong>(ΕΡ),</strong></span> <span class='ocrx_word' id='word_1_88' title='bbox 447 1245 702 1307; x_wconf 81' lang='lat' dir='ltr'><strong>Telephus,</strong></span> <span class='ocrx_word' id='word_1_89' title='bbox 738 1244 936 1299; x_wconf 79' lang='lat' dir='ltr'><strong>Tereus,</strong></span> <span class='ocrx_word' id='word_1_90' title='bbox 981 1244 1204 1297; x_wconf 85' lang='lat' dir='ltr'><strong>Thebais,</strong></span> <span class='ocrx_word' id='word_1_91' title='bbox 1258 1245 1475 1291; x_wconf 81' lang='lat' dir='ltr'><strong>Troades.</strong></span> <span class='ocrx_word' id='word_1_92' title='bbox 1506 1271 1576 1281; x_wconf 91' lang='lat'><strong>—-</strong></span> 
     </span>
     <span class='ocr_line' id='line_1_16' title="bbox 181 1313 1573 1362; baseline 0.002 -3"><span class='ocrx_word' id='word_1_93' title='bbox 181 1314 274 1360; x_wconf 86' lang='lat' dir='ltr'><strong>Eas</strong></span> <span class='ocrx_word' id='word_1_94' title='bbox 308 1315 479 1362; x_wconf 81' lang='lat' dir='ltr'><strong>fabulas</strong></span> <span class='ocrx_word' id='word_1_95' title='bbox 513 1331 569 1360; x_wconf 88' lang='lat' dir='ltr'><strong>ex</strong></span> <span class='ocrx_word' id='word_1_96' title='bbox 604 1316 781 1359; x_wconf 82' lang='lat' dir='ltr'><strong>Graeco</strong></span> <span class='ocrx_word' id='word_1_97' title='bbox 808 1313 1037 1359; x_wconf 85' lang='lat' dir='ltr'><strong>transtulit.</strong></span> <span class='ocrx_word' id='word_1_98' title='bbox 1104 1315 1207 1359; x_wconf 92' lang='lat' dir='ltr'><strong>Non</strong></span> <span class='ocrx_word' id='word_1_99' title='bbox 1244 1315 1385 1359; x_wconf 85' lang='lat' dir='ltr'><strong>solum</strong></span> <span class='ocrx_word' id='word_1_100' title='bbox 1427 1322 1573 1362; x_wconf 87' lang='lat' dir='ltr'><strong>autem</strong></span> 
     </span>
     <span class='ocr_line' id='line_1_17' title="bbox 182 1382 1574 1445; baseline 0.001 -16"><span class='ocrx_word' id='word_1_101' title='bbox 182 1383 474 1445; x_wconf 83' lang='lat' dir='ltr'><strong>crepidatam,</strong></span> <span class='ocrx_word' id='word_1_102' title='bbox 520 1382 597 1429; x_wconf 91' lang='lat' dir='ltr'><strong>sed</strong></span> <span class='ocrx_word' id='word_1_103' title='bbox 636 1384 766 1428; x_wconf 85' lang='lat' dir='ltr'><strong>etiam</strong></span> <span class='ocrx_word' id='word_1_104' title='bbox 811 1389 1129 1443; x_wconf 85' lang='lat' dir='ltr'><strong>praetextatam</strong></span> <span class='ocrx_word' id='word_1_105' title='bbox 1166 1383 1442 1444; x_wconf 82' lang='lat' dir='ltr'><strong>tragoediam</strong></span> <span class='ocrx_word' id='word_1_106' title='bbox 1484 1391 1574 1430; x_wconf 84' lang='lat' dir='ltr'><strong>tra·</strong></span> 
     </span>
     <span class='ocr_line' id='line_1_18' title="bbox 183 1447 1573 1513; baseline 0 -15"><span class='ocrx_word' id='word_1_107' title='bbox 183 1460 328 1498; x_wconf 88' lang='lat' dir='ltr'><strong>ctasse</strong></span> <span class='ocrx_word' id='word_1_108' title='bbox 359 1453 522 1498; x_wconf 88' lang='lat' dir='ltr'><strong>Attium</strong></span> <span class='ocrx_word' id='word_1_109' title='bbox 554 1447 738 1496; x_wconf 64' lang='lat' dir='ltr'><strong>dua‘rum</strong></span> <span class='ocrx_word' id='word_1_110' title='bbox 771 1451 1015 1497; x_wconf 84' lang='lat' dir='ltr'><strong>fabularum</strong></span> <span class='ocrx_word' id='word_1_111' title='bbox 1049 1451 1292 1498; x_wconf 88' lang='lat' dir='ltr'><strong>nominibus</strong></span> <span class='ocrx_word' id='word_1_112' title='bbox 1335 1454 1573 1513; x_wconf 90' lang='lat' dir='ltr'><strong>probatur;</strong></span> 
     </span>
     <span class='ocr_line' id='line_1_19' title="bbox 181 1520 1571 1582; baseline 0 -15"><span class='ocrx_word' id='word_1_113' title='bbox 181 1522 351 1582; x_wconf 78' lang='lat' dir='ltr'><strong>scripsit</strong></span> <span class='ocrx_word' id='word_1_114' title='bbox 385 1522 498 1566; x_wconf 91' lang='lat' dir='ltr'><strong>enim</strong></span> <span class='ocrx_word' id='word_1_115' title='bbox 529 1520 759 1566; x_wconf 85' lang='lat' dir='ltr'><strong>Aeneadas</strong></span> <span class='ocrx_word' id='word_1_116' title='bbox 791 1521 881 1566; x_wconf 84' lang='lat' dir='ltr'><strong>sive</strong></span> <span class='ocrx_word' id='word_1_117' title='bbox 917 1521 1104 1566; x_wconf 88' lang='lat' dir='ltr'><strong>Decium</strong></span> <span class='ocrx_word' id='word_1_118' title='bbox 1139 1528 1185 1565; x_wconf 89' lang='lat' dir='ltr'><strong>et</strong></span> <span class='ocrx_word' id='word_1_119' title='bbox 1216 1521 1404 1566; x_wconf 87' lang='lat' dir='ltr'><strong>Brutum</strong></span> <span class='ocrx_word' id='word_1_120' title='bbox 1438 1521 1571 1567; x_wconf 84' lang='lat' dir='ltr'><strong>fabu-</strong></span> 
     </span>
     <span class='ocr_line' id='line_1_20' title="bbox 180 1589 1564 1652; baseline 0.001 -17"><span class='ocrx_word' id='word_1_121' title='bbox 180 1590 275 1651; x_wconf 86' lang='lat' dir='ltr'><strong>las,</strong></span> <span class='ocrx_word' id='word_1_122' title='bbox 310 1591 494 1636; x_wconf 82' lang='lat' dir='ltr'><strong>alteram</strong></span> <span class='ocrx_word' id='word_1_123' title='bbox 523 1590 581 1635; x_wconf 86' lang='lat' dir='ltr'><strong>ad</strong></span> <span class='ocrx_word' id='word_1_124' title='bbox 616 1589 801 1635; x_wconf 89' lang='lat' dir='ltr'><strong>Decium</strong></span> <span class='ocrx_word' id='word_1_125' title='bbox 837 1590 975 1634; x_wconf 90' lang='lat' dir='ltr'><strong>filium</strong></span> <span class='ocrx_word' id='word_1_126' title='bbox 1011 1589 1340 1643; x_wconf 88' lang='lat' dir='ltr'><strong>celebrandam,</strong></span> <span class='ocrx_word' id='word_1_127' title='bbox 1373 1592 1446 1649; x_wconf 87' lang='lat' dir='ltr'><strong>qui</strong></span> <span class='ocrx_word' id='word_1_128' title='bbox 1484 1607 1564 1652; x_wconf 91' lang='lat' dir='ltr'><strong>pro</strong></span> 
     </span>
     <span class='ocr_line' id='line_1_21' title="bbox 179 1657 1571 1721; baseline 0 -16"><span class='ocrx_word' id='word_1_129' title='bbox 179 1661 346 1721; x_wconf 81' lang='lat' dir='ltr'><strong>patriae</strong></span> <span class='ocrx_word' id='word_1_130' title='bbox 381 1660 522 1705; x_wconf 86' lang='lat' dir='ltr'><strong>salute</strong></span> <span class='ocrx_word' id='word_1_131' title='bbox 556 1675 605 1705; x_wconf 87' lang='lat' dir='ltr'><strong>se</strong></span> <span class='ocrx_word' id='word_1_132' title='bbox 636 1659 904 1713; x_wconf 83' lang='lat' dir='ltr'><strong>devovisset,</strong></span> <span class='ocrx_word' id='word_1_133' title='bbox 952 1665 997 1703; x_wconf 91' lang='lat' dir='ltr'><strong>et</strong></span> <span class='ocrx_word' id='word_1_134' title='bbox 1039 1657 1095 1704; x_wconf 89' lang='lat' dir='ltr'><strong>ad</strong></span> <span class='ocrx_word' id='word_1_135' title='bbox 1135 1659 1438 1705; x_wconf 85' lang='lat' dir='ltr'><strong>Romanorum</strong></span> <span class='ocrx_word' id='word_1_136' title='bbox 1483 1661 1571 1705; x_wconf 83' lang='lat' dir='ltr'><strong>sor-</strong></span> 
     </span>
     <span class='ocr_line' id='line_1_22' title="bbox 180 1726 1572 1791; baseline 0.001 -17"><span class='ocrx_word' id='word_1_137' title='bbox 180 1728 409 1775; x_wconf 87' lang='lat' dir='ltr'><strong>titudinem</strong></span> <span class='ocrx_word' id='word_1_138' title='bbox 443 1729 704 1790; x_wconf 85' lang='lat' dir='ltr'><strong>patriaeque</strong></span> <span class='ocrx_word' id='word_1_139' title='bbox 750 1729 977 1773; x_wconf 87' lang='lat' dir='ltr'><strong>caritatem</strong></span> <span class='ocrx_word' id='word_1_140' title='bbox 1015 1727 1314 1774; x_wconf 87' lang='lat' dir='ltr'><strong>illustrandam</strong></span> <span class='ocrx_word' id='word_1_141' title='bbox 1355 1726 1451 1791; x_wconf 62' lang='lat' dir='ltr'><strong>(cf.</strong></span> <span class='ocrx_word' id='word_1_142' title='bbox 1473 1729 1572 1775; x_wconf 88' lang='lat' dir='ltr'><strong>Liv.</strong></span> 
     </span>
     <span class='ocr_line' id='line_1_23' title="bbox 184 1796 1571 1853; baseline 0.001 -10"><span class='ocrx_word' id='word_1_143' title='bbox 184 1799 263 1853; x_wconf 84' lang='lat'><strong>10,</strong></span> <span class='ocrx_word' id='word_1_144' title='bbox 313 1800 377 1844; x_wconf 85' lang='lat'><strong>26</strong></span> <span class='ocrx_word' id='word_1_145' title='bbox 397 1822 466 1831; x_wconf 96' lang='lat'><strong>—</strong></span> <span class='ocrx_word' id='word_1_146' title='bbox 488 1799 569 1845; x_wconf 82' lang='lat'><strong>30.</strong></span> <span class='ocrx_word' id='word_1_147' title='bbox 648 1797 893 1843; x_wconf 86' lang='lat' dir='ltr'><strong>Kordesius</strong></span> <span class='ocrx_word' id='word_1_148' title='bbox 945 1798 989 1842; x_wconf 90' lang='lat' dir='ltr'><strong>in</strong></span> <span class='ocrx_word' id='word_1_149' title='bbox 1041 1796 1308 1842; x_wconf 87' lang='lat' dir='ltr'><strong>Eberhardti</strong></span> <span class='ocrx_word' id='word_1_150' title='bbox 1356 1798 1450 1843; x_wconf 89' lang='lat' dir='ltr'><strong>libr.</strong></span> <span class='ocrx_word' id='word_1_151' title='bbox 1496 1800 1571 1845; x_wconf 88' lang='lat' dir='ltr'><strong>cit.</strong></span> 
     </span>
    </p>
   </div>
   <div class='ocr_carea' id='block_1_3' title="bbox 177 1861 1575 2617">
    <p class='ocr_par' dir='ltr' id='par_1_4' title="bbox 177 1861 1575 2617">
     <span class='ocr_line' id='line_1_24' title="bbox 178 1861 1571 1926; baseline 0.001 -15"><span class='ocrx_word' id='word_1_152' title='bbox 178 1883 221 1926; x_wconf 95' lang='lat' dir='ltr'><strong>p.</strong></span> <span class='ocrx_word' id='word_1_153' title='bbox 257 1867 359 1920; x_wconf 66' lang='lat'><strong>58„</strong></span> <span class='ocrx_word' id='word_1_154' title='bbox 396 1867 657 1912; x_wconf 85' lang='lat' dir='ltr'><strong>Welckerus</strong></span> <span class='ocrx_word' id='word_1_155' title='bbox 691 1867 719 1910; x_wconf 91' lang='lat' dir='ltr'><strong>l.</strong></span> <span class='ocrx_word' id='word_1_156' title='bbox 754 1867 782 1911; x_wconf 87' lang='lat' dir='ltr'><strong>l.</strong></span> <span class='ocrx_word' id='word_1_157' title='bbox 815 1883 857 1925; x_wconf 92' lang='lat' dir='ltr'><strong>p.</strong></span> <span class='ocrx_word' id='word_1_158' title='bbox 891 1861 1086 1924; x_wconf 80' lang='lat'><strong>1389.)‚</strong></span> <span class='ocrx_word' id='word_1_159' title='bbox 1123 1867 1303 1912; x_wconf 88' lang='lat' dir='ltr'><strong>alteram</strong></span> <span class='ocrx_word' id='word_1_160' title='bbox 1338 1867 1381 1910; x_wconf 90' lang='lat' dir='ltr'><strong>in</strong></span> <span class='ocrx_word' id='word_1_161' title='bbox 1416 1867 1571 1912; x_wconf 87' lang='lat' dir='ltr'><strong>laudes</strong></span> 
     </span>
     <span class='ocr_line' id='line_1_25' title="bbox 177 1931 1571 1994; baseline -0.001 -14"><span class='ocrx_word' id='word_1_162' title='bbox 177 1935 328 1992; x_wconf 89' lang='lat' dir='ltr'><strong>Bruti,</strong></span> <span class='ocrx_word' id='word_1_163' title='bbox 376 1948 537 1994; x_wconf 82' lang='lat' dir='ltr'><strong>regum</strong></span> <span class='ocrx_word' id='word_1_164' title='bbox 568 1933 781 1980; x_wconf 85' lang='lat' dir='ltr'><strong>exactoris</strong></span> <span class='ocrx_word' id='word_1_165' title='bbox 837 1932 914 1993; x_wconf 86' lang='lat' dir='ltr'><strong>(cf.</strong></span> <span class='ocrx_word' id='word_1_166' title='bbox 950 1934 1045 1977; x_wconf 85' lang='lat' dir='ltr'><strong>Liv.</strong></span> <span class='ocrx_word' id='word_1_167' title='bbox 1078 1933 1123 1982; x_wconf 85' lang='lat'><strong>1,</strong></span> <span class='ocrx_word' id='word_1_168' title='bbox 1161 1934 1226 1977; x_wconf 79' lang='lat'><strong>57</strong></span> <span class='ocrx_word' id='word_1_169' title='bbox 1240 1949 1252 1988; x_wconf 92' lang='lat'>;</span> <span class='ocrx_word' id='word_1_170' title='bbox 1308 1931 1571 1980; x_wconf 77' lang='lat' dir='ltr'><strong>Welckerus</strong></span> 
     </span>
     <span class='ocr_line' id='line_1_26' title="bbox 178 1999 1573 2064; baseline 0.001 -16"><span class='ocrx_word' id='word_1_171' title='bbox 178 2003 207 2049; x_wconf 91' lang='lat' dir='ltr'><strong>l.</strong></span> <span class='ocrx_word' id='word_1_172' title='bbox 242 2004 271 2050; x_wconf 92' lang='lat' dir='ltr'><strong>l.</strong></span> <span class='ocrx_word' id='word_1_173' title='bbox 305 2020 347 2064; x_wconf 88' lang='lat' dir='ltr'><strong>p.</strong></span> <span class='ocrx_word' id='word_1_174' title='bbox 372 1999 562 2062; x_wconf 85' lang='lat'><strong>1388.).</strong></span> <span class='ocrx_word' id='word_1_175' title='bbox 631 2002 870 2061; x_wconf 90' lang='lat' dir='ltr'><strong>Utriusque</strong></span> <span class='ocrx_word' id='word_1_176' title='bbox 902 2002 1077 2047; x_wconf 85' lang='lat' dir='ltr'><strong>fabulae</strong></span> <span class='ocrx_word' id='word_1_177' title='bbox 1111 2001 1360 2062; x_wconf 82' lang='lat' dir='ltr'><strong>fragmenta</strong></span> <span class='ocrx_word' id='word_1_178' title='bbox 1389 2003 1573 2064; x_wconf 74' lang='lat' dir='ltr'><strong>collegit</strong></span> 
     </span>
     <span class='ocr_line' id='line_1_27' title="bbox 181 2070 1570 2134; baseline 0 -16"><span class='ocrx_word' id='word_1_179' title='bbox 181 2081 226 2118; x_wconf 88' lang='lat' dir='ltr'><strong>et</strong></span> <span class='ocrx_word' id='word_1_180' title='bbox 281 2073 590 2133; x_wconf 87' lang='lat' dir='ltr'><strong>interpretatus</strong></span> <span class='ocrx_word' id='word_1_181' title='bbox 647 2078 714 2117; x_wconf 89' lang='lat' dir='ltr'><strong>est</strong></span> <span class='ocrx_word' id='word_1_182' title='bbox 768 2071 1061 2117; x_wconf 87' lang='lat' dir='ltr'><strong>Neukirchius</strong></span> <span class='ocrx_word' id='word_1_183' title='bbox 1105 2070 1162 2117; x_wconf 89' lang='lat' dir='ltr'><strong>de</strong></span> <span class='ocrx_word' id='word_1_184' title='bbox 1225 2071 1363 2122; x_wconf 81' lang='lat' dir='ltr'><strong>fabul.</strong></span> <span class='ocrx_word' id='word_1_185' title='bbox 1421 2079 1570 2134; x_wconf 75' lang='lat' dir='ltr'><strong>tegat.</strong></span> 
     </span>
     <span class='ocr_line' id='line_1_28' title="bbox 181 2141 1571 2203; baseline 0.001 -17"><span class='ocrx_word' id='word_1_186' title='bbox 181 2158 222 2203; x_wconf 88' lang='lat' dir='ltr'><strong>p.</strong></span> <span class='ocrx_word' id='word_1_187' title='bbox 258 2142 289 2186; x_wconf 75' lang='lat'><strong>7</strong></span> <span class='ocrx_word' id='word_1_188' title='bbox 294 2143 324 2185; x_wconf 87' lang='lat'><strong>6</strong></span> <span class='ocrx_word' id='word_1_189' title='bbox 341 2165 401 2173; x_wconf 90' lang='lat'>—</span> <span class='ocrx_word' id='word_1_190' title='bbox 419 2143 500 2186; x_wconf 88' lang='grc'><strong>89.</strong></span> <span class='ocrx_word' id='word_1_191' title='bbox 572 2141 676 2186; x_wconf 84' lang='lat' dir='ltr'><strong>Attii</strong></span> <span class='ocrx_word' id='word_1_192' title='bbox 733 2141 889 2186; x_wconf 83' lang='lat' dir='ltr'><strong>fabulis</strong></span> <span class='ocrx_word' id='word_1_193' title='bbox 938 2142 1218 2202; x_wconf 85' lang='lat' dir='ltr'><strong>praetextatis</strong></span> <span class='ocrx_word' id='word_1_194' title='bbox 1261 2157 1365 2186; x_wconf 90' lang='lat' dir='ltr'><strong>num</strong></span> <span class='ocrx_word' id='word_1_195' title='bbox 1410 2142 1571 2187; x_wconf 85' lang='lat' dir='ltr'><strong>adcen-</strong></span> 
     </span>
     <span class='ocr_line' id='line_1_29' title="bbox 181 2209 1571 2270; baseline -0.001 -14"><span class='ocrx_word' id='word_1_196' title='bbox 181 2210 319 2256; x_wconf 81' lang='lat' dir='ltr'><strong>senda</strong></span> <span class='ocrx_word' id='word_1_197' title='bbox 348 2211 404 2255; x_wconf 86' lang='lat' dir='ltr'><strong>sit</strong></span> <span class='ocrx_word' id='word_1_198' title='bbox 425 2209 685 2264; x_wconf 70' lang='lat' dir='ltr'><strong>Marcellus,</strong></span> <span class='ocrx_word' id='word_1_199' title='bbox 720 2211 942 2255; x_wconf 86' lang='lat' dir='ltr'><strong>affirmare</strong></span> <span class='ocrx_word' id='word_1_200' title='bbox 972 2227 1058 2255; x_wconf 89' lang='lat' dir='ltr'><strong>non</strong></span> <span class='ocrx_word' id='word_1_201' title='bbox 1083 2210 1248 2265; x_wconf 89' lang='lat' dir='ltr'><strong>audeo;</strong></span> <span class='ocrx_word' id='word_1_202' title='bbox 1285 2211 1571 2270; x_wconf 83' lang='lat' dir='ltr'><strong>eiusquidem</strong></span> 
     </span>
     <span class='ocr_line' id='line_1_30' title="bbox 181 2278 1572 2339; baseline -0.001 -14"><span class='ocrx_word' id='word_1_203' title='bbox 181 2279 364 2325; x_wconf 83' lang='lat' dir='ltr'><strong>nominis</strong></span> <span class='ocrx_word' id='word_1_204' title='bbox 407 2278 598 2325; x_wconf 84' lang='lat' dir='ltr'><strong>fabulam</strong></span> <span class='ocrx_word' id='word_1_205' title='bbox 643 2279 760 2339; x_wconf 89' lang='lat' dir='ltr'><strong>apud</strong></span> <span class='ocrx_word' id='word_1_206' title='bbox 796 2281 1025 2325; x_wconf 87' lang='lat' dir='ltr'><strong>Romanos</strong></span> <span class='ocrx_word' id='word_1_207' title='bbox 1068 2281 1281 2326; x_wconf 85' lang='lat' dir='ltr'><strong>exstitisse</strong></span> <span class='ocrx_word' id='word_1_208' title='bbox 1340 2280 1461 2325; x_wconf 88' lang='lat' dir='ltr'><strong>testis</strong></span> <span class='ocrx_word' id='word_1_209' title='bbox 1506 2286 1572 2324; x_wconf 90' lang='lat' dir='ltr'><strong>est</strong></span> 
     </span>
     <span class='ocr_line' id='line_1_31' title="bbox 179 2347 1573 2409; baseline -0.001 -14"><span class='ocrx_word' id='word_1_210' title='bbox 179 2347 421 2395; x_wconf 85' lang='lat' dir='ltr'><strong>Diomedes</strong></span> <span class='ocrx_word' id='word_1_211' title='bbox 454 2348 536 2403; x_wconf 88' lang='grc' dir='ltr'><strong>ΠΙ,</strong></span> <span class='ocrx_word' id='word_1_212' title='bbox 572 2364 614 2408; x_wconf 90' lang='lat' dir='ltr'><strong>p.</strong></span> <span class='ocrx_word' id='word_1_213' title='bbox 655 2348 768 2393; x_wconf 78' lang='lat'><strong>487.</strong></span> <span class='ocrx_word' id='word_1_214' title='bbox 802 2349 857 2394; x_wconf 91' lang='grc' dir='ltr'><strong>Ρ.</strong></span> <span class='ocrx_word' id='word_1_215' title='bbox 886 2350 967 2402; x_wconf 93' lang='lat' dir='ltr'><strong>„in</strong></span> <span class='ocrx_word' id='word_1_216' title='bbox 1001 2356 1272 2409; x_wconf 86' lang='lat' dir='ltr'><strong>praetextata</strong></span> <span class='ocrx_word' id='word_1_217' title='bbox 1299 2381 1431 2395; x_wconf 90' lang='lat'><strong>......</strong></span> <span class='ocrx_word' id='word_1_218' title='bbox 1468 2349 1573 2393; x_wconf 90' lang='lat' dir='ltr'><strong>scri-</strong></span> 
     </span>
     <span class='ocr_line' id='line_1_32' title="bbox 180 2417 1573 2464; baseline 0 -3"><span class='ocrx_word' id='word_1_219' title='bbox 180 2417 297 2463; x_wconf 87' lang='lat' dir='ltr'><strong>bitur</strong></span> <span class='ocrx_word' id='word_1_220' title='bbox 331 2418 495 2463; x_wconf 90' lang='lat' dir='ltr'><strong>Brutus</strong></span> <span class='ocrx_word' id='word_1_221' title='bbox 537 2418 607 2464; x_wconf 83' lang='lat' dir='ltr'><strong>vel</strong></span> <span class='ocrx_word' id='word_1_222' title='bbox 643 2417 808 2462; x_wconf 89' lang='lat' dir='ltr'><strong>Decius</strong></span> <span class='ocrx_word' id='word_1_223' title='bbox 851 2418 921 2463; x_wconf 84' lang='lat' dir='ltr'><strong>vel</strong></span> <span class='ocrx_word' id='word_1_224' title='bbox 967 2418 1263 2463; x_wconf 84' lang='lat' dir='ltr'><strong>Marcellus“:</strong></span> <span class='ocrx_word' id='word_1_225' title='bbox 1351 2417 1429 2462; x_wconf 88' lang='lat' dir='ltr'><strong>sed</strong></span> <span class='ocrx_word' id='word_1_226' title='bbox 1473 2432 1573 2462; x_wconf 88' lang='lat' dir='ltr'><strong>cum</strong></span> 
     </span>
     <span class='ocr_line' id='line_1_33' title="bbox 180 2487 1575 2547; baseline 0.001 -16"><span class='ocrx_word' id='word_1_227' title='bbox 180 2501 324 2546; x_wconf 88' lang='lat' dir='ltr'><strong>neque</strong></span> <span class='ocrx_word' id='word_1_228' title='bbox 355 2493 551 2533; x_wconf 83' lang='lat' dir='ltr'><strong>veterum</strong></span> <span class='ocrx_word' id='word_1_229' title='bbox 586 2487 811 2547; x_wconf 89' lang='lat' dir='ltr'><strong>quisquam</strong></span> <span class='ocrx_word' id='word_1_230' title='bbox 846 2487 950 2533; x_wconf 89' lang='lat' dir='ltr'><strong>Attii</strong></span> <span class='ocrx_word' id='word_1_231' title='bbox 966 2487 1227 2533; x_wconf 32' lang='lat' dir='ltr'><strong>‘Marcellum</strong></span> <span class='ocrx_word' id='word_1_232' title='bbox 1260 2499 1575 2532; x_wconf 85' lang='lat' dir='ltr'><strong>commemora-</strong></span> 
     </span>
     <span class='ocr_line' id='line_1_34' title="bbox 180 2553 1575 2617; baseline 0.001 -17"><span class='ocrx_word' id='word_1_233' title='bbox 180 2555 260 2610; x_wconf 90' lang='lat' dir='ltr'><strong>rit,</strong></span> <span class='ocrx_word' id='word_1_234' title='bbox 293 2571 436 2617; x_wconf 88' lang='lat' dir='ltr'><strong>neque</strong></span> <span class='ocrx_word' id='word_1_235' title='bbox 472 2556 606 2602; x_wconf 87' lang='lat' dir='ltr'><strong>ullum</strong></span> <span class='ocrx_word' id='word_1_236' title='bbox 658 2555 781 2601; x_wconf 90' lang='lat' dir='ltr'><strong>huius</strong></span> <span class='ocrx_word' id='word_1_237' title='bbox 824 2556 1084 2617; x_wconf 77' lang='lat' dir='ltr'><strong>tragoediae</strong></span> <span class='ocrx_word' id='word_1_238' title='bbox 1127 2554 1311 2616; x_wconf 88' lang='lat' dir='ltr'><strong>supersit</strong></span> <span class='ocrx_word' id='word_1_239' title='bbox 1348 2553 1575 2616; x_wconf 76' lang='lat' dir='ltr'><strong>fragmen-</strong></span> 
     </span>
    </p>
   </div>
   <div class='ocr_carea' id='block_1_4' title="bbox 185 2644 453 2652">
    <p class='ocr_par' dir='ltr' id='par_1_5' title="bbox 185 2644 453 2652">
     <span class='ocr_line' id='line_1_35' title="bbox 185 2644 453 2652; baseline 0 337"><span class='ocrx_word' id='word_1_240' title='bbox 185 2644 453 2652; x_wconf 95' lang='lat' dir='ltr'><strong> </strong></span> 
     </span>
    </p>
   </div>
   <div class='ocr_carea' id='block_1_5' title="bbox 182 2687 1578 2881">
    <p class='ocr_par' dir='ltr' id='par_1_6' title="bbox 182 2687 1578 2881">
     <span class='ocr_line' id='line_1_36' title="bbox 227 2687 1574 2735; baseline -0.001 -8"><span class='ocrx_word' id='word_1_241' title='bbox 227 2688 270 2735; x_wconf 70' lang='lat'><strong>*)</strong></span> <span class='ocrx_word' id='word_1_242' title='bbox 298 2692 428 2727; x_wconf 84' lang='lat' dir='ltr'><strong>Horat.</strong></span> <span class='ocrx_word' id='word_1_243' title='bbox 458 2692 488 2726; x_wconf 89' lang='lat' dir='ltr'>E</span> <span class='ocrx_word' id='word_1_244' title='bbox 518 2691 577 2726; x_wconf 80' lang='lat' dir='ltr'><strong>ist.</strong></span> <span class='ocrx_word' id='word_1_245' title='bbox 604 2690 640 2733; x_wconf 80' lang='lat'><strong>2,</strong></span> <span class='ocrx_word' id='word_1_246' title='bbox 667 2690 702 2732; x_wconf 86' lang='lat'><strong>1,</strong></span> <span class='ocrx_word' id='word_1_247' title='bbox 727 2687 793 2732; x_wconf 81' lang='lat'><strong>553</strong></span> <span class='ocrx_word' id='word_1_248' title='bbox 821 2687 932 2724; x_wconf 83' lang='lat' dir='ltr'><strong>Ovid.</strong></span> <span class='ocrx_word' id='word_1_249' title='bbox 957 2690 1086 2725; x_wconf 81' lang='lat' dir='ltr'><strong>Amor.</strong></span> <span class='ocrx_word' id='word_1_250' title='bbox 1115 2690 1145 2733; x_wconf 87' lang='grc'><strong>1,</strong></span> <span class='ocrx_word' id='word_1_251' title='bbox 1173 2688 1241 2735; x_wconf 74' lang='lat'><strong>153</strong></span> <span class='ocrx_word' id='word_1_252' title='bbox 1265 2690 1403 2734; x_wconf 81' lang='lat' dir='ltr'><strong>Vellei.</strong></span> <span class='ocrx_word' id='word_1_253' title='bbox 1430 2688 1574 2726; x_wconf 77' lang='lat' dir='ltr'><strong>Patere.</strong></span> 
     </span>
     <span class='ocr_line' id='line_1_37' title="bbox 182 2705 1578 2786; baseline 0.001 -15"><span class='ocrx_word' id='word_1_254' title='bbox 182 2737 217 2775; x_wconf 75' lang='grc'><strong>1,</strong></span> <span class='ocrx_word' id='word_1_255' title='bbox 247 2738 312 2783; x_wconf 75' lang='lat'><strong>183</strong></span> <span class='ocrx_word' id='word_1_256' title='bbox 339 2705 518 2786; x_wconf 52' lang='lat' dir='ltr'><strong>Quinctil).</strong></span> <span class='ocrx_word' id='word_1_257' title='bbox 548 2738 604 2781; x_wconf 89' lang='lat'><strong>10,</strong></span> <span class='ocrx_word' id='word_1_258' title='bbox 632 2738 665 2782; x_wconf 88' lang='lat'><strong>1,</strong></span> <span class='ocrx_word' id='word_1_259' title='bbox 691 2735 750 2781; x_wconf 80' lang='lat'><strong>973</strong></span> <span class='ocrx_word' id='word_1_260' title='bbox 778 2736 872 2772; x_wconf 90' lang='lat' dir='ltr'><strong>Gell.</strong></span> <span class='ocrx_word' id='word_1_261' title='bbox 888 2736 944 2770; x_wconf 81' lang='lat'><strong>13.</strong></span> <span class='ocrx_word' id='word_1_262' title='bbox 963 2739 998 2771; x_wconf 87' lang='lat'><strong>2.</strong></span> <span class='ocrx_word' id='word_1_263' title='bbox 1024 2735 1081 2773; x_wconf 85' lang='lat' dir='ltr'><strong>Cf.</strong></span> <span class='ocrx_word' id='word_1_264' title='bbox 1099 2737 1339 2774; x_wconf 74' lang='lat' dir='ltr'><strong>VVeichettus</strong></span> <span class='ocrx_word' id='word_1_265' title='bbox 1362 2738 1389 2773; x_wconf 88' lang='lat' dir='ltr'><strong>l.</strong></span> <span class='ocrx_word' id='word_1_266' title='bbox 1414 2737 1439 2772; x_wconf 90' lang='lat' dir='ltr'><strong>l.</strong></span> <span class='ocrx_word' id='word_1_267' title='bbox 1467 2749 1505 2783; x_wconf 82' lang='lat' dir='ltr'><strong>p.</strong></span> <span class='ocrx_word' id='word_1_268' title='bbox 1521 2736 1578 2782; x_wconf 82' lang='grc'><strong>13,</strong></span> 
     </span>
     <span class='ocr_line' id='line_1_38' title="bbox 183 2782 1291 2881; baseline 0 -63"><span class='ocrx_word' id='word_1_269' title='bbox 183 2783 270 2820; x_wconf 73' lang='lat' dir='ltr'><strong>Not.</strong></span> <span class='ocrx_word' id='word_1_270' title='bbox 296 2787 333 2821; x_wconf 89' lang='lat'><strong>7.</strong></span> <span class='ocrx_word' id='word_1_271' title='bbox 358 2793 395 2822; x_wconf 88' lang='lat' dir='ltr'><strong>et</strong></span> <span class='ocrx_word' id='word_1_272' title='bbox 417 2785 640 2823; x_wconf 76' lang='lat' dir='ltr'><strong>Welckerus</strong></span> <span class='ocrx_word' id='word_1_273' title='bbox 666 2783 691 2819; x_wconf 84' lang='lat' dir='ltr'><strong>l.</strong></span> <span class='ocrx_word' id='word_1_274' title='bbox 716 2783 744 2819; x_wconf 89' lang='lat' dir='ltr'><strong>l.</strong></span> <span class='ocrx_word' id='word_1_275' title='bbox 769 2796 808 2832; x_wconf 83' lang='lat' dir='ltr'><strong>p.</strong></span> <span class='ocrx_word' id='word_1_276' title='bbox 829 2782 921 2819; x_wconf 82' lang='lat'><strong>1392</strong></span> <span class='ocrx_word' id='word_1_277' title='bbox 938 2795 1020 2830; x_wconf 81' lang='lat' dir='ltr'><strong>sqq.</strong></span> <span class='ocrx_word' id='word_1_278' title='bbox 1259 2839 1291 2881; x_wconf 80' lang='lat'>2</span> 
     </span>
    </p>
   </div>
  </div>
 </body>
</html>
