1877 2989
718 906 962 983 Caput
1007 906 1093 966 ΙΙ.

599 1044 688 1096 De
719 1042 787 1095 L.
807 1040 963 1096 ..Attii
988 1040 1220 1109 emptis.

252 1252 259 1257 ,
353 1205 485 1251 Inter»
517 1206 782 1266 antiquiores
825 1207 1128 1251 Romanorum
1169 1211 1323 1265 poetas
1361 1205 1503 1252 Attius
1544 1207 1605 1252 ita

208 1276 469 1334 ,praestabat
512 1276 677 1336 ingenii
718 1276 920 1338 ubertate
964 1281 1011 1320 et
1058 1273 1289 1329 felicitate,
1323 1281 1389 1331 ,ut
1430 1285 1608 1336 praeter

217 1343 431 1390 Naevium
466 1344 744 1405 Enniumque
777 1360 906 1389 nemo
941 1350 1081 1397 esset,
1123 1345 1197 1404 qui
1232 1360 1330 1390 eum
1365 1345 1460 1405 ipso
1501 1360 1605 1405 pos-

217 1419 299 1458 set
326 1414 541 1474 componi.
621 1412 941 1473 Praeterquam
997 1413 1126 1458 enim·
1167 1413 1284 1473 quod
1328 1425 1410 1474 per
1447 1414 1605 1459 multas

217 1481 367 1528 docuit
392 1481 669 1542 tragoedias,
703 1483 958 1542 conseripsit
992 1482 1123 1528 etiam
1155 1480 1381 1544 dactyliois
1413 1483 1604 1527 numeris

216 1550 447 1596 Annalium
495 1551 643 1596 neseio
695 1557 803 1610 quot
846 1550 1003 1604 libros,
1047 1565 1229 1610 quorum
1274 1551 1393 1610 quod
1441 1551 1605 1596 Festus

217 1636 253 1665 s.
286 1636 326 1665 v.
368 1619 535 1665 Metelli
573 1636 616 1680 p.
653 1619 765 1665 169.
798 1619 930 1664 Lind.
975 1620 1136 1664 excitat
1168 1619 1325 1664 librum
1358 1620 1605 1665 vicesimum

215 1688 469 1748 septimum,
510 1689 554 1733 in
594 1704 777 1733 numero
820 1694 1011 1733 erratum
1059 1702 1158 1732 esse
1197 1688 1443 1748 Madvigius
1489 1687 1607 1749 Opp.

216 1755 372 1802 acadd.
394 1757 431 1812 Ι,
452 1774 500 1818 p.
528 1758 623 1802 110
642 1757 828 1812 iudicat3
864 1756 1127 1818 fragmenta,
1148 1757 1263 1817 q'uae
1281 1757 1397 1819 apud
1410 1757 1607 1814 Festum,

214 1826 433 1881 Nonium,
466 1828 759 1881 Mani-obium,
794 1826 1071 1872 Priscianum
1104 1832 1300 1881 exstant,
1330 1827 1611 1887 collegerunt

217 1895 397 1940 Vossius
424 1894 483 1940 de
513 1896 628 1941 Hist.
657 1896 760 1941 Lat.
798 1895 840 1950 1,
875 1896 907 1940 7
918 1928 933 1949 ,
974 1895 1201 1940 Krauseus
1248 1895 1431 1955 Fragm.
1466 1895 1603 1941 Histt.

216 1963 335 2008 Latt-
366 1980 408 2024 p.
446 1965 542 2008 1⁷6
574 1980 668 2023 sqq.
736 1963 805 2008 Ad
839 1963 1098 2007 eruditionis
1123 1963 1288 2016 studia,
1334 1965 1489 2022 quibus
1526 1966 1605 2008 At-

218 2033 303 2078 tius
333 2032 534 2093 gnaviter
562 2032 734 2078 deditus
768 2031 901 2077 fuisse
935 2031 1116 2085 videtur,
1145 2032 1364 2092 pertinent
1390 2031 1607 2079 Didasca-

215 2101 356 2155 lioon,
388 2102 727 2162 Pragmafieon,
763 2102 996 2161 Parergon
1030 2101 1128 2145 libri
1164 2100 1344 2156 [videsis
1378 2102 1608 2146 Osannum

215 2169 340 2214 Anal.
373 2171 467 2215 erit.
498 2172 608 2231 Cap.
640 2170 704 2216 IV
738 2176 784 2215 et
809 2169 1078 2229 Madvigium
1115 2168 1173 2214 de
1188 2169 1243 2214 L.
1260 2169 1364 2214 Attii
1382 2169 1606 2216 Didasca-

216 2237 457 2298 licisOpp.
490 2238 646 2301 acadd.
683 2240 721 2293 I,
756 2256 798 2300 p.
819 2240 885 2284 87
897 2236 1123 2299 —111);
1158 2239 1311 2284 horum
1330 2238 1609 2284 Didascalica

219 2305 412 2368 pedestri
448 2308 648 2353 oratione
674 2314 800 2353 eraut
851 2308 1121 2369 conscripta,
1170 2308 1453 2370 Pragmatica
1504 2323 1607 2353 vero

218 2385 264 2425 et
311 2377 516 2439 Pan-erga
567 2376 813 2423 trochaicos
869 2394 1074 2424 numeros
1127 2378 1332 2424 habuisse
1377 2378 1608 2423 verisimile

220 2451 309 2499 est3
343 2446 399 2491 of.
434 2446 552 2493 God.
581 2446 825 2493 Hermanni
853 2455 1072 2494 comment
1105 2446 1163 2493 de
1189 2447 1362 2493 L.·Attii
1392 2446 1610 2492 Didasca-

217 2513 311 2559 lieis
340 2515 464 2576 Lips.
501 2515 647 2563 1842.
699 2516 803 2563 Attii
832 2516 1067 2571 sandica,
1129 2531 1310 2577 quorum
1353 2531 1487 2561 unum
1534 2532 1608 2562 so-

219 2582 309 2627 lum
343 2583 633 2646 fragmentum
668 2593 887 2632 servatum
920 2594 988 2633 est
1016 2602 1043 2633 a
1080 2585 1224 2631 Gellio
1257 2586 1304 2639 7,
1339 2585 1370 2630 9
1401 2593 1447 2632 et
1479 2587 1611 2632 Pris-

219 2651 345 2698 ciano
381 2654 459 2708 10,
493 2673 537 2716 p.
567 2657 666 2702 890
699 2655 753 2701 Ρ.
786 2656 885 2702 Vol.
913 2656 961 2711 1,
994 2673 1037 2717 p.
1069 2654 1178 2701 491.
1211 2653 1317 2709 Kr.‚
1354 2671 1469 2715 quae
1502 2671 1609 2714 qua-

218 2720 362 2781 liaque
406 2723 567 2770 fuerint
606 2725 873 2787 ignoramus.
956 2724 1097 2769 Minus
1136 2728 1261 2770 recte
1305 2731 1469 2770 autem·
1494 2723 1609 2769 inter

218 2788 345 2838 huius
380 2800 539 2854 poetae
565 2795 728 2859 scripta
756 2800 1009 2842 recensetur
1043 2808 1222 2842 carmen
1256 2793 1434 2841 Priami.
1489 2793 1608 2841 Nam
