1877 2989
788 225 1052 269 -ο-

221 345 390 394 tabulas
416 343 624 395 vendidit.
703 345 880 394 Deinde
912 345 1157 393 Tarentum
1183 351 1486 408 transgressus
1519 362 1621 409 pro-

222 432 281 478 pe
301 416 632 479 nonagenarius
670 416 823 462 obiit“
922 415 1007 461 His
1028 430 1083 460 ex
1110 415 1257 460 verbis
1293 416 1529 478 collegisse
1560 417 1621 462 vi-

223 484 398 542 dentur,
411 485 654 533 Pacuvium
673 501 713 534 a.
723 486 838 533 600.
848 486 905 534 U.
919 501 957 532 c.
967 491 1182 532 mortuum
1195 500 1307 540 esse,
1325 481 1492 535 Attium
1504 502 1623 541 vero,

224 570 355 616 quem
374 556 693 618 quinquaginta
715 556 840 602 annis
858 556 1070 602 minorem
1086 554 1222 600 fuisse
1241 554 1404 600 Cicero
1424 562 1623 613 testatur,

223 640 264 672 a.
281 625 397 671 6⁵⁰.
412 626 476 672 U.
499 642 539 672 c.
572 626 738 672 Verum
756 626 800 672 in
822 641 881 671 eo
898 624 1159 687 Hieronymi
1175 623 1276 670 loco
1297 623 1431 672 verba
1449 623 1623 685 quidem

224 694 474 748 „Pacuvius
485 694 804 748 Brundusinus,
822 694 1154 754 tragoediarum
1170 694 1371 754 scriptor,
1389 693 1532 739 clarus
1547 693 1626 739 ha-

222 762 365 817 betur,
382 762 575 823 vixitque
591 753 769 810 Romae
787 761 935 824 quoad
953 762 1167 825 picturam
1175 761 1369 809 exercuit
1384 777 1438 808 ac
1454 760 1625 809 fabulas

222 830 449 879 vendidiff‘
467 839 621 893 aperte
642 832 700 879 ad
716 833 961 895 praefixum
982 849 1142 879 annum
1153 833 1267 878 600.
1280 832 1337 878 U.
1354 847 1393 877 c.
1416 839 1628 893 spectant,

222 916 367 962 neque
378 916 483 947 vero
491 917 605 962 quae
617 909 856 963 sequuntur
866 901 1057 959 „deinde
1067 902 1310 948 Tarentum
1323 906 1626 961 transgressus

221 984 363 1031 prope
382 971 708 1031 nonagenarius
726 971 876 1016 obiit“
910 970 964 1016 ld
983 986 1070 1015 non
1082 977 1171 1015 tam
1182 985 1237 1015 ex
1248 970 1384 1015 verbo
1404 969 1625 1024 ‚,deinde“

223 1053 355 1097 quam
387 1053 442 1084 ex
469 1039 602 1084 totius
629 1039 872 1084 sententiae
898 1037 1244 1084 conformatione
1288 1037 1417 1083 facile
1455 1037 1623 1097 perspi-

223 1106 348 1152 citur.
426 1106 548 1152 Dicit
582 1107 696 1152 enim
732 1107 1032 1169 Hieronymus
1075 1122 1116 1153 a.
1143 1106 1259 1152 600.
1284 1106 1340 1152 U.
1374 1121 1413 1152 o.
1449 1149 1451 1151 .
1478 1102 1623 1152 Pacu-

223 1174 339 1221 vium
375 1175 554 1222 Romae
582 1177 807 1232 floruisse,
852 1183 1009 1239 postea
1036 1191 1168 1231 vero,
1210 1175 1254 1221 b.
1285 1190 1334 1222 e.
1361 1180 1506 1221 aetate
1536 1175 1623 1220 iam

219 1245 564 1304 provectiorem,
614 1261 717 1291 cum
756 1260 900 1306 neque
936 1245 1094 1292 fabulis
1135 1244 1448 1305 componendis
1478 1259 1624 1304 neque

220 1312 421 1372 picturae
446 1313 723 1360 exercendae
748 1329 930 1375 operam
958 1313 1110 1368 daret,
1155 1313 1399 1375 'Parentum
1435 1312 1625 1372 petiisse.

220 1380 348 1426 Idem
394 1382 521 1427 nobis
564 1382 699 1429 tradit
747 1383 919 1428 Gellius
958 1383 1111 1428 Noctt.
1140 1383 1231 1429 Att.
1265 1380 1351 1435 13,
1394 1382 1439 1426 2.
1485 1396 1624 1434 „cum

221 1449 441 1495 Pacuvius
467 1480 488 1497 .
523 1485 534 1495 .
566 1480 585 1498 .
612 1484 626 1496 .
654 1484 666 1496 .
695 1450 856 1512 grandi
894 1451 982 1496 iam
1016 1455 1163 1495 aetate
1199 1456 1245 1495 et
1272 1448 1427 1495 morbo
1466 1463 1624 1510 corpo·

220 1517 282 1563 ris
300 1517 466 1565 diutino
478 1519 664 1566 affectus
681 1520 927 1567 Tarentum
948 1536 1003 1566 ex
1023 1519 1136 1565 urbe
1154 1519 1300 1565 Roma
1319 1518 1626 1564 concessiset.“

219 1585 337 1631 Eam
367 1588 412 1632 in
442 1589 723 1642 sententiam,
766 1596 815 1634 ut
848 1589 1031 1634 Pacuvii
1063 1594 1266 1633 mortem·z
1279 1604 1319 1633 a.
1354 1587 1469 1632 600.
1506 1587 1625 1633 acci-

220 1654 338 1701 disse
374 1662 601 1718 putarent,
655 1673 877 1719 nunquam
917 1657 1149 1712 abiissent,
1208 1657 1245 1703 si
1276 1656 1335 1703 de
1363 1656 1626 1717 Hieronymi

222 1726 365 1770 verbis
400 1727 548 1786 paullo
591 1727 905 1773 consideratius
940 1742 1090 1772 secum
1126 1731 1417 1787 reputassent.
1510 1721 1625 1772 Om-

220 1807 322 1838 nem
352 1807 458 1839 vero
488 1793 801 1840 dubitationem
832 1811 921 1840 non
941 1795 1184 1855 potuissent
1211 1795 1313 1854 quin
1346 1800 1626 1855 seponerent,

219 1861 256 1906 si
294 1862 575 1907 ciceroniani
604 1863 690 1907 loci
716 1863 775 1909 de
807 1864 954 1909 amicit
987 1864 1044 1916 ⁷,
1080 1863 1159 1908 24.
1197 1863 1514 1916 meminissent,
1550 1863 1628 1907 ubi

217 1929 398 1976 Laelius
439 1932 550 1992 „qui
580 1931 796 1977 clamores
835 1939 930 1978 tota
959 1946 1094 1977 cavea
1125 1946 1265 1993 nuper
1295 1932 1339 1977 in
1371 1930 1554 1992 hospitis
1579 1937 1626 1976 et

219 1999 346 2044 amici
377 2001 463 2045 mei
501 2001 560 2046 M.
592 2001 777 2046 Pacuvii
823 2017 938 2047 nova
975 2001 1134 2045 fabula.
1150 2003 1178 2024 ‘⁴
1259 1993 1379 2045 Nam
1415 2015 1516 2045 cum
1555 1999 1626 2045 bic

219 2066 278 2112 de
306 2069 494 2114 amicitia
524 2085 669 2114 sermo
708 2070 861 2130 paucis
900 2069 1057 2113 diebus
1086 2074 1186 2129 post
1217 2068 1408 2114 Africani
1440 2075 1623 2114 mertem

219 2132 330 2195 (vid.
358 2137 469 2199 Cap.
503 2139 547 2192 1,
577 2135 649 2198 8.)
684 2137 857 2183 babitus
885 2138 1104 2198 fingatur,
1149 2144 1195 2182 et
1221 2137 1471 2198 Scipionem
1503 2137 1625 2183 Afri-

217 2220 374 2251 canum
417 2207 629 2252 minorem
667 2206 785 2252 Man.
826 2206 998 2266 Aquilio
1038 2206 1097 2252 C.
1140 2206 1403 2267 Sempronio
1439 2207 1538 2251 Css.
1583 2222 1624 2250 a.

215 2274 330 2319 625.
357 2274 416 2319 U.
450 2289 489 2319 c.
521 2275 682 2320 obiisse
710 2279 897 2328 constet,
931 2274 1170 2320 Pacuvium
1203 2282 1442 2320 statuamus
1473 2288 1624 2319 neces-

216 2359 267 2389 se
297 2348 367 2388 est
401 2349 477 2388 aut
515 2359 569 2388 eo
607 2343 737 2390 etiam
767 2360 881 2390 anno
909 2345 1025 2389 inter
1057 2344 1175 2390 vivos
1204 2344 1338 2389 fuisse
1374 2349 1449 2388 aut
1475 2342 1623 2404 paullo

215 2418 317 2457 ante
349 2427 376 2456 e
404 2412 493 2458 vita
524 2412 775 2459 decessisse.
861 2414 1133 2464 Quibuscum
1170 2413 1205 2457 si
1244 2411 1470 2457 contendis
1517 2412 1624 2457 Hie-

213 2481 385 2542 ronymi
432 2482 567 2527 verba
610 2498 790 2544 „prope
825 2481 1149 2542 nonagenarius
1191 2481 1299 2527 obiit
1312 2484 1340 2505 ‘⁶
1377 2487 1422 2527 et
1463 2480 1623 2534 Gellii,

213 2564 343 2608 quem
380 2564 511 2610 supra
544 2550 789 2604 attulimus,
838 2551 1009 2604 locum,
1051 2548 1182 2595 facile
1216 2550 1293 2596 tibi
1323 2548 1625 2610 persuadebis,

212 2616 456 2665 Pacuvium
495 2619 669 2667 circiter
703 2635 863 2667 annum
896 2619 1011 2666 624.
1045 2619 1113 2666 vel
1150 2619 1264 2666 625.
1300 2625 1516 2665 mortuum
1549 2635 1626 2665 es-

214 2703 285 2742 se,
320 2703 404 2749 pro
435 2695 558 2733 certo
588 2706 693 2735 vero
721 2690 925 2743 babebis,
970 2689 1100 2734 vitam
1140 2705 1263 2733 suam
1291 2704 1414 2742 eum,
1463 2697 1511 2734 ut
1543 2688 1623 2733 mi-

214 2757 376 2803 nimum
414 2755 581 2812 dicam,
635 2774 772 2820 usque
810 2759 866 2806 ad
913 2773 1074 2805 annum
1116 2758 1227 2804 620.
1259 2757 1314 2804 U.
1348 2772 1386 2804 c.
1419 2758 1624 2812 traxisse,

1813 0 1843 781 ἰ
