1877 2989
777 258 1035 301 -3-

204 400 255 431 se
288 379 358 442 ὓ).
391 400 394 403 >
425 379 583 441 Neque
616 393 722 426 vero
753 377 861 424 illud
891 383 1060 423 tantum
1106 381 1270 423 certum
1303 382 1397 433 est,
1439 377 1601 425 Attium

201 469 242 499 a.
267 452 343 497 26⁵
355 451 398 495 1.
432 450 484 495 iis
517 449 680 512 ingenii
715 448 877 495 viribus
913 446 1070 502 fuisse,
1136 455 1183 493 ut
1224 447 1415 495 fabulam
1458 448 1601 505 daret,

203 520 282 567 sed
315 521 444 565 etiam
475 536 562 565 non
605 516 950 579 improbabiliter
995 516 1214 563 coniioere
1253 516 1356 564 licet
1399 533 1497 564 eum
1540 518 1598 564 ad

205 605 415 636 summam
448 588 700 649 pervenisse
731 591 1017 633 senectutem.
1083 585 1244 629 Cicero
1276 586 1390 631 enim
1419 586 1464 632 in
1484 588 1600 633 Bru-

205 666 266 704 to.
300 658 354 702 C.
375 659 463 711 285
492 657 603 701 107.
639 669 689 700 se
722 668 823 699 eum
857 653 912 698 L.
946 654 1089 706 Attio,
1123 653 1182 698 D.
1214 652 1344 698 Bruti
1374 653 1597 710 familiari,

200 725 390 785 colloqui
407 725 582 769 solitum
614 737 714 767 esse
748 721 892 766 tradit.
963 722 1097 766 Hunc
1132 722 1202 767 fac
1227 721 1463 776 duntaxat,
1498 738 1599 768 cum

203 794 454 841 vieesimum
490 806 649 837 annum
687 797 869 852 ageret,
904 805 1003 836 cum
1040 789 1157 836 Attio
1189 798 1323 852 poeta
1353 790 1411 837 de
1444 791 1598 839 litteris

201 862 396 907 Graecis
423 867 469 905 et
495 860 666 905 Latinis
699 875 924 905 semones
955 860 1174 905 factitasse
1203 858 1305 910 (cfr.
1337 861 1601 906 Welokerus

197 931 244 976 in
276 928 387 975 Mus.
419 928 767 992 RbsSupplem.
802 929 876 984 1-1.‚
910 929 1038 975 Pars.
1063 928 1109 983 3,
1143 945 1187 990 p.
1208 926 1358 976 1396.
1381 929 1487 976 Not.
1509 926 1600 991 7.)‚

206 1000 410 1060 quoniam
447 1013 547 1044 eum
582 1015 621 1043 a.
655 998 770 1044 648.
806 1000 864 1043 U.
898 1013 937 1043 c.
974 1007 1122 1043 natum
1153 1014 1252 1043 esse
1286 1006 1480 1054 constat,
1523 1001 1600 1045 At-

202 1069 288 1115 tius
326 1082 508 1114 necesse
539 1074 606 1114 est
640 1074 760 1113 certe
795 1082 932 1129 usque
964 1066 1022 1113 ad
1041 1080 1202 1113 annum
1225 1067 1340 1114 668.
1375 1067 1445 1115 vel
1482 1068 1599 1114 670.

199 1138 256 1183 U.
288 1154 327 1183 c.
363 1138 493 1182 vitam
527 1138 683 1197 egerit.

342 1204 414 1250 Ea
448 1211 643 1250 veterum
678 1203 734 1248 de
754 1204 871 1249 Attio
891 1204 1137 1249 testimonia
1170 1203 1250 1249 etsi
1276 1204 1337 1250 ita
1354 1210 1457 1250 sunt
1480 1220 1599 1251 com-

201 1280 381 1334 parata,
412 1273 567 1333 quibus
600 1271 734 1318 fidem
769 1288 856 1317 non
892 1272 1021 1317 facile
1054 1271 1266 1333 deneges,
1298 1272 1416 1319 baud
1450 1273 1601 1320 defue-

201 1348 302 1387 runt
330 1349 500 1395 tamen,
531 1341 604 1402 qui
641 1357 814 1386 omnem
848 1347 1008 1403 poetae
1045 1341 1171 1386 buius
1205 1340 1428 1388 historiam
1462 1344 1598 1388 mise-

201 1425 253 1456 re
287 1410 523 1456 turbarent.
626 1410 678 1455 In
709 1426 807 1454 eam
850 1410 967 1455 enim
1002 1410 1249 1471 opinionem
1282 1410 1599 1465 discesserunt,

202 1486 251 1524 ut
285 1478 396 1523 duos
428 1479 561 1522 fuisse
595 1477 734 1523 Attios
769 1486 922 1538 poetas
956 1479 1037 1523 sibi
1081 1478 1422 1539 persuaderent,
1475 1480 1598 1540 quasi

205 1562 311 1593 vero
341 1546 613 1607 antiquorum
663 1546 922 1608 scriptorum
963 1546 1233 1604 testimonia,
1302 1547 1339 1594 si
1371 1548 1429 1594 ad
1464 1564 1598 1595 unum

207 1615 483 1676 eundemque
515 1622 689 1675 poetam
725 1615 991 1668 referantur,
1054 1630 1142 1659 non
1188 1615 1328 1661 solum
1373 1632 1460 1661 non
1496 1632 1600 1662 con-

203 1690 388 1743 gruant,
424 1683 503 1729 sed
532 1684 661 1729 etiam
689 1698 869 1744 prorsus
902 1682 983 1729 sibi
1017 1691 1279 1744 repugnent.
1345 1684 1399 1730 Id
1432 1685 1601 1731 duobus

201 1752 310 1797 locis
340 1751 517 1797 student
549 1753 761 1813 probare,
797 1752 1059 1813 Hieronymi
1093 1753 1138 1797 in
1170 1752 1336 1798 Euseb.
1369 1752 1537 1799 Cbron.
1573 1755 1602 1799 l.

201 1821 230 1866 l.
273 1830 319 1867 et
365 1820 530 1869 Valerii
572 1821 750 1867 Maximi
798 1823 842 1867 3.
895 1823 942 1867 ⁷.
988 1822 1091 1876 11.‚
1138 1837 1324 1882 quorum
1365 1821 1440 1867 ille
1491 1822 1603 1869 haec

201 1890 373 1951 scripsit
406 1906 462 1947 „a
493 1902 581 1946 quo
616 1897 662 1936 et
696 1890 855 1936 fundus
890 1891 1105 1936 Accianus
1140 1892 1259 1935 iuxta
1279 1890 1511 1936 Pisaurum
1533 1892 1599 1936 di-

203 1959 342 2015 citnr,
387 1959 492 2019 quia
537 1959 641 2005 illuc
683 1959 798 2004 inter
836 1959 1019 2004 colonos
1048 1959 1190 2004 fuerat
1223 1974 1279 2003 ex
1313 1959 1423 2004 urbe
1457 1959 1597 2005 dedu-

244 2079 289 2126 *)
314 2079 417 2127 Quae
440 2079 565 2114 fabula
589 2079 720 2124 suerit,
767 2091 876 2123 quam
912 2079 1141 2125 sexagesimo
1175 2090 1272 2113 anno
1306 2087 1395 2115 ante
1430 2079 1599 2116 Caesaris

200 2128 356 2162 mortem
382 2134 494 2172 poeta
519 2125 683 2169 dederit,
710 2127 928 2173 interpretes
957 2138 1034 2161 non
1059 2133 1158 2160 recte
1182 2135 1464 2173 perspexerunt.
1511 2129 1599 2162 Ple-

200 2176 306 2219 rique
333 2175 428 2207 enim
454 2173 550 2206 Attii
577 2173 728 2206 Brutum
754 2181 871 2207 actam
895 2185 975 2208 esse
999 2180 1149 2220 putant,
1182 2185 1275 2218 quae
1299 2173 1448 2218 quidem
1473 2175 1598 2208 fabula

142 2228 146 2230 ’
200 2226 431 2268 praetextata
455 2218 559 2252 Bruti
589 2219 713 2261 illius,
739 2221 804 2265 qui
828 2231 930 2265 reges
956 2220 1139 2264 exegerit,
1165 2218 1291 2253 laudes
1316 2229 1509 2264 persecuta
1532 2223 1599 2265 εἰη

203 2274 313 2312 atque
338 2266 428 2300 haec
452 2276 539 2299 sane
566 2272 602 2299 et
626 2266 814 2309 aptissima
840 2273 919 2300 erat
947 2265 994 2300 ad
1008 2267 1173 2307 Brutum,
1199 2265 1362 2301 Caesaris
1380 2268 1600 2303 interfecto-

201 2325 293 2356 rem,
319 2311 674 2359 concelebrgandum,
702 2312 930 2358 eandemque
955 2314 1035 2358 ipse
1060 2313 1194 2346 Brutus
1221 2312 1350 2346 absens
1378 2322 1494 2347 actam
1521 2327 1598 2349 esse

201 2361 375 2406 opinatus
401 2365 468 2393 est.
495 2359 573 2393 cic.
603 2357 651 2400 ad
673 2357 753 2392 An.
773 2357 829 2401 16,
855 2360 891 2403 5,
920 2357 953 2393 1.
978 2366 1087 2403 „tuas
1112 2360 1185 2394 iam
1209 2359 1350 2393 litteras
1370 2360 1505 2395 Brutus
1529 2373 1597 2395 ex·-

202 2418 218 2440 s
250 2405 415 2448 ectabat,
442 2405 501 2439 cui
528 2403 676 2450 quidem
702 2414 770 2448 ago
795 2416 871 2439 non
898 2417 1033 2439 novum
1052 2405 1243 2440 attuleram
1270 2405 1317 2440 de
1341 2406 1463 2442 Tereo
1482 2407 1596 2449 Attii3

203 2420 268 2486 iiie
287 2453 437 2486 Brutum
462 2448 660 2497 putabat.“
706 2449 955 2486 Nihilominus
975 2451 1136 2487 Tereum
1163 2452 1321 2486 fabulam
1345 2452 1411 2486 illo
1437 2465 1532 2487 anno
1557 2453 1598 2486 in

201 2510 311 2533 scena
335 2505 536 2545 spectatam
560 2510 660 2541 esse,
687 2495 817 2533 Cicero
851 2505 888 2534 et
910 2498 995 2533 loco
1020 2499 1084 2533 cit.
1108 2505 1281 2540 testatur,
1330 2505 1366 2531 et
1387 2499 1520 2533 iterum
1547 2499 1596 2533 ad

200 2544 279 2585 Διΐ.
309 2542 373 2586 16,
398 2544 441 2586 2,
468 2542 504 2577 3.
530 2545 678 2591 scripsit
710 2545 863 2588 „Bruto
888 2552 973 2579 tuae
1005 2544 1151 2580 litterae
1185 2552 1306 2590 gratae
1336 2552 1453 2580 erant.
1525 2546 1596 2580 Fui

203 2591 302 2626 enim
329 2588 427 2637 apud
443 2589 555 2623 *illum
580 2591 713 2625 multas
737 2592 845 2627 horas
869 2592 910 2625 in
934 2590 1090 2634 Neside,
1131 2604 1211 2626 cum
1250 2589 1375 2636 paullo
1403 2599 1488 2627 ante
1513 2599 1593 2628 tuas

202 2638 343 2680 litteras
370 2636 608 2683 accepissem.
663 2637 851 2673 Delectari
875 2639 966 2672 mihi
992 2639 1109 2674 Tereo
1133 2637 1346 2681 videbatur,
1390 2646 1428 2673 et
1458 2639 1595 2674 habere

200 2684 377 2717 maiorem
402 2683 505 2716 Attio
535 2692 647 2727 quam·
669 2683 836 2718 Antonio
867 2686 1033 2729 gratiam.
1067 2684 1163 2717 Mihi
1196 2690 1317 2717 autem
1341 2696 1416 2730 quo
1440 2685 1594 2719 laetiora

202 2736 308 2772 sunt,
336 2740 380 2763 eo
403 2727 488 2775 plus
512 2727 690 2762 stomachi
717 2736 753 2763 et
775 2729 967 2765 molestiae
992 2737 1057 2773 est,
1082 2728 1263 2776 populum
1290 2730 1494 2764 Romanum
1512 2743 1590 2765 ma-

202 2788 272 2812 nus
295 2787 378 2812 suas
406 2787 483 2810 non
506 2776 547 2810 in
574 2774 810 2811 defendenda
830 2777 1034 2822 republica,
1061 2775 1129 2811 sed
1155 2777 1193 2812 in
1217 2776 1429 2825 plaudendo
1456 2790 1592 2814 consu-

201 2821 345 2859 mere.“
370 2820 445 2860 cfr.
473 2820 626 2859 Clinton
650 2823 693 2859 F.
717 2823 764 2862 H,
790 2835 823 2859 a.
846 2822 928 2860 651.
953 2823 1040 2860 Vol.
1067 2823 1144 2869 111.‚
1169 2836 1209 2869 p.
1236 2825 1315 2860 135.

1272 2874 1347 2919 1.
