1877 2989
721 241 1010 286 ...35-

177 380 295 441 Non.
331 391 375 435 p.
409 362 575 429 647),
618 373 750 426 atque
784 362 898 407 inter
933 373 1010 403 eos
1045 368 1215 408 versus,
1252 364 1364 411 quos
1402 345 1562 392 Cicero

180 466 207 495 a
243 461 292 492 se
327 456 474 488 versos
518 453 616 483 esse
656 435 799 486 dicat,
844 443 975 475 unum
1016 425 1131 469 hunc
1176 420 1397 476 „sublime
1427 414 1562 461 advo-

179 519 274 563 lans
308 513 497 557 Pinnata
532 505 672 551 cauda
706 506 900 548 nostrum
934 495 1083 542 adulat
1116 489 1413 551 sauguinem“
1462 484 1560 531 No-

182 587 276 631 nius
307 598 340 627 s.
372 597 411 624 v.
446 575 638 621 adulatio
668 590 710 633 p.
748 570 823 616 17.
854 568 918 612 M.
953 582 1007 611 ex
1038 562 1143 609 Attii
1177 557 1446 604 Prometheo
1481 566 1560 598 ex-

182 656 299 706 citat,
332 657 470 695 totum
504 643 612 690 illud
646 642 937 700 fragmentum
967 652 994 680 a
1024 634 1243 679 Cicerone
1272 644 1327 673 ex
1357 624 1460 672 Attii
1496 621 1560 667 fa-

180 724 283 769 bula
310 719 619 779 depromptum
655 723 930 769 nuncupare,
975 703 1020 749 id
1054 699 1171 762 quod
1205 698 1403 746 fecerunt
1437 691 1557 738 Scri-

184 792 350 842 verius,
394 785 604 836 Bothius,
649 781 861 838 Langeus
896 773 1023 821 vind.
1069 778 1184 829 trag.
1226 768 1360 813 Rom.
1403 780 1446 824 p.
1484 759 1562 806 18.

182 863 286 908 Not.
311 858 405 910 22„
428 851 706 912 Schlegelius
742 848 798 892 de
819 852 899 891 art.
929 843 1112 887 dramat.
1133 839 1191 883 11.
1218 854 1262 898 p.
1297 836 1397 886 17„
1433 832 1563 876 Stan-

182 931 290 977 leius
327 929 572 973 Comment.
600 917 654 968 in
674 916 816 964 Catal.
845 911 1047 972 Aeschyl.
1081 908 1263 954 dramat.
1299 896 1565 960 inAeschyl.

183 1000 301 1061 Opp.
331 996 447 1044 edid.
470 990 729 1039 Schuetzius
762 985 861 1032 Vol.
897 983 949 1027 V.
984 998 1027 1041 p.
1063 979 1152 1034 10„
1186 974 1324 1021 secuti
1359 971 1421 1016 illi
1449 970 1572 1015 Sca-

184 1068 313 1128 ligeri
360 1064 624 1124 singularem
663 1072 769 1103 saue
811 1050 1198 1099 ratiocinationem.
1286 1042 1402 1088 Nam
1443 1035 1563 1098 quod

186 1140 300 1184 inter
348 1151 422 1188 ea,
469 1146 580 1192 quae
615 1127 775 1173 Cicero
821 1137 869 1168 se
908 1114 1053 1181 'ipsum
1103 1114 1281 1161 vertisse
1328 1105 1566 1160 contendit,

186 1221 295 1252 unus
344 1210 410 1247 est
456 1213 634 1249 versus,
687 1209 817 1253 quem
859 1190 1027 1235 Nonius
1074 1184 1176 1230 Attii
1218 1196 1317 1225 esse
1365 1178 1568 1226 affirmat,

188 1289 286 1321 cum
329 1268 537 1317 credibile
582 1280 669 1310 non
702 1263 758 1306 sit
810 1259 1070 1304 Ciceronem
1107 1249 1330 1297 mentitum
1362 1260 1458 1290 esse
1491 1245 1569 1288 At-

187 1346 380 1402 tiumque
415 1339 564 1383 debita
601 1332 731 1379 laude
763 1327 1010 1377 fraudasse,
1062 1328 1136 1367 aut
1169 1335 1223 1363 ex
1256 1315 1390 1362 Nonii
1434 1312 1568 1373 ipsius

191 1420 264 1459 aut
301 1427 356 1455 ex
399 1406 680 1453 librarionum
727 1399 819 1444 eius
854 1410 1007 1441 errore
1045 1387 1346 1452 explicandum
1386 1381 1571 1434 videtur,

194 1482 268 1543 qui
301 1476 634 1525 Ciceronianum
682 1483 852 1515 versum
909 1464 1023 1510 Attio
1066 1460 1180 1505 male
1233 1454 1569 1512 adscripserunt.

190 1552 334 1596 Minus
379 1546 481 1592 mihi
518 1543 688 1604 placet,
745 1535 861 1596 quod
902 1530 1159 1577 Schuetzius
1207 1522 1407 1579 Aeschyl.
1451 1520 1569 1579 Opp.

191 1620 290 1666 Vol.
310 1618 363 1662 V.
401 1633 442 1675 p.
480 1613 594 1658 128.
628 1609 714 1654 hac
744 1606 801 1650 de
830 1620 881 1648 re
908 1599 1114 1646 iudicavit
1146 1596 1220 1650 „in
1251 1609 1337 1651 quo
1375 1589 1443 1635 vel
1478 1604 1567 1633 me-

192 1688 331 1734 moria
385 1686 553 1744 lapsum
604 1678 721 1723 hunc
775 1669 1121 1719 Grammaticum
1175 1660 1384 1708 credibile
1427 1657 1571 1708 suerit,

193 1758 261 1803 vel
296 1753 526 1801 dicendum
556 1750 819 1794 Ciceronem
852 1741 1016 1799 aliquot
1052 1732 1309 1784 versiculos,
1336 1742 1469 1789 quum
1502 1740 1572 1770 re-

193 1829 336 1887 liquos
368 1825 462 1885 ipse
489 1819 648 1866 Latine
681 1812 880 1865 verterit,
911 1825 967 1854 ex
998 1805 1104 1853 Attii
1134 1802 1335 1849 versione
1369 1795 1580 1844 memoria

196 1897 309 1941 forte
342 1897 535 1938 retentos
568 1886 744 1944 reliquis
779 1877 1060 1927 admiscuisse
1069 1877 1096 1898 “
1142 1874 1350 1917 Ceterum
1388 1881 1475 1911 non
1511 1870 1579 1909 est

197 1962 315 2024 quod
349 1972 584 2019 negemus,
637 1959 682 1997 et
716 1952 978 1995 Ciceronem
1023 1941 1239 2001 quaedam
1275 1953 1331 1983 ex
1368 1932 1574 1993 Aeschyli

198 2029 466 2078 Prometheo
512 2021 783 2071 transtulisse
827 2023 872 2061 et
905 2013 1067 2061 Attium
1114 2008 1273 2053 eodem
1318 2007 1581 2063 argumento

202 2101 259 2146 ad
294 2095 571 2158 tragoediam
608 2086 880 2136 scribendam
925 2096 1050 2127 usum
1090 2093 1201 2123 esse.
1292 2073 1384 2119 Sed
1426 2079 1582 2116 utcun-

201 2185 287 2230 que
321 2184 369 2213 se
401 2181 473 2210 res
492 2162 664 2220 ,haben
709 2156 814 2202 mihi
847 2158 1014 2199 certum
1062 2154 1130 2192 est
1164 2152 1209 2191 et
1233 2143 1494 2188 Ciceronem
1530 2138 1581 2183 il-

204 2239 273 2292 la,
321 2250 435 2296 quae
470 2230 633 2280 attulit,
677 2228 817 2287 ipsum
859 2238 915 2268 ex
961 2216 1163 2277 Aeschyli
1200 2211 1348 2259 fabula
1391 2209 1584 2259 vertisse,

205 2314 251 2352 et
279 2306 440 2352 Attium
474 2297 669 2345 eiusdem
704 2293 888 2339 nominis
922 2287 1113 2335 fabulam
1156 2279 1480 2342 composuisse,
1530 2290 1585 2320 ex

205 2392 294 2437 qua
318 2372 490 2420 Nonius
524 2384 557 2414 s.
589 2383 630 2411 v.
666 2364 771 2423 gelu
813 2377 856 2421 p.
895 2356 1013 2403 208.
1047 2355 1112 2401 Μ.
1148 2360 1194 2399 et
1219 2349 1470 2398 Priscianus
1507 2343 1582 2390 VL

206 2462 251 2506 p.
298 2442 413 2488 685.
451 2440 507 2485 Ρ.
550 2436 845 2493 fragmentum
896 2429 1136 2472 servarunt.
1222 2419 1394 2466 Attiana
1440 2420 1585 2459 autem

209 2513 357 2560 fabula
397 2514 571 2570 praeter
620 2503 706 2547 hoc
748 2513 883 2545 unum
938 2495 1230 2552 fragmentum
1275 2492 1369 2531 tota
1414 2482 1590 2528 interiit.

213 2584 331 2629 Nam
365 2577 497 2631 illud,
530 2569 653 2635 quod
682 2575 821 2616 exstat
843 2563 973 2626 apud
1005 2562 1265 2607 Ciceronem
1302 2555 1330 2600 l.
1362 2554 1395 2599 l.
1432 2550 1594 2607 „uude

212 2652 333 2712 ignis
378 2648 495 2694 cluet
531 2641 785 2690 mortalibus
797 2639 825 2660 “
864 2642 947 2680 etc.
1012 2629 1197 2675 Bothius
1237 2624 1349 2693 falso
1395 2622 1453 2668 ad
1485 2622 1597 2666 hanc

220 2720 325 2766 Attii
355 2715 545 2764 fabulam
580 2708 738 2756 retulit.
794 2705 906 2752 Eius
932 2713 1056 2747 error
1082 2695 1186 2744 iude
1213 2703 1336 2741 ortus
1371 2698 1450 2745 est,
1483 2685 1598 2749 quod

218 2788 515 2852 fragmentum
547 2783 610 2829 ita
643 2777 813 2841 scripsit
847 2771 901 2834 (l.
935 2787 973 2817 c.
1008 2786 1049 2831 p.
1084 2765 1236 2824 24o):
