1877 2989
845 265 1138 307 ...28-

296 402 402 445 tun,
435 389 546 435 certi
567 386 674 432 nibil
708 388 840 434 statui
863 392 1032 448 potest3
1061 383 1207 429 fabula
1236 390 1383 430 autem
1402 385 1477 431 illa
1494 385 1588 430 sine
1606 380 1695 428 du·-

296 462 372 508 bio
406 457 670 506 versabatur>
692 455 739 500 in
767 456 829 501 M.
864 453 1040 501 Claudii
1075 451 1272 499 Marcelli
1292 454 1449 508 rebus,
1482 454 1555 514 qni
1572 452 1695 513 quin-

298 540 392 577 tum
444 526 599 573 consul
643 525 884 570 Hannibali
945 523 1061 585 apud
1105 522 1267 567 Nolam
1313 522 1483 567 fortiter-
1504 522 1696 573 «restitit,

298 604 456 662 postea
513 610 620 641 vero
660 593 1093 655 Carthaginiensium
1135 590 1311 636 insidiis
1357 591 1698 645 circumventus,

303 670 395 716 filio
425 668 610 718 omisso,
650 666 820 710 occisus
854 671 921 709 est
961 660 1042 721 (cf.
1076 662 1172 707 Liv.
1203 663 1283 715 27,
1318 662 1397 706 26.
1428 677 1545 720 sqq„
1581 659 1697 705 Kou-

306 738 453 784 ma
488 736 518 780 ι.
540 719 644 794 1.'p.
664 735 757 787 66„
792 732 1085 778 Neukimffius
1114 731 1146 775 -ι,
1173 731 1271 791 hp.
1306 731 1401 783 aa,
1439 728 1698 775 walcherus

305 809 333 851 Ι.
369 807 397 850 l.
420 822 475 866 p.
513 798 705 861 1345.)
749 803 824 847 De
877 802 1021 847 verbis
1066 801 1273 845 Rhabani·
1317 800 1482 853 Mauri,
1525 798 1598 858 qui
1652 797 1695 841 in

308 879 400 921 Art.
442 888 583 935 gram.
629 872 689 917 11.
724 872 853 933 Opp.
889 871 983 916 Vol.
1027 870 1077 924 Ι,
1121 887 1163 931 p.
1208 871 1289 915 47.
1328 869 1487 915 Colon.
1527 866 1700 928 scr-ipsit

308 947 389 999 „in
424 942 657 1003 tragoedia
692 942 851 987 heroes
884 932 1235 994 introducuntur,
1281 974 1385 987 .....
1420 942 1469 985 in·
1499 948 1700 1000 praetex-

303 1022 400 1060 tata
436 1020 582 1058 autem
729 1011 895 1054 Brutus
929 1010 994 1053 vel
1025 1007 1211 1060 Decius,
1247 1009 1350 1053 item
1368 1010 1600 1055 Marcellus
1635 1010 1701 1055 vel

308 1081 612 1132 Africanus“,
642 1095 729 1124 non
765 1079 907 1124 babeo
955 1077 1071 1138 quod
1095 1076 1275 1122 'addam
1306 1077 1562 1123 Neukirchii
1606 1095 1701 1125 ver-

312 1152 379 1197 bis
414 1150 465 1208 (l.
493 1150 527 1196 l.
563 1164 607 1209 p.
642 1146 750 1209 95.)
775 1148 1009 1201 ,sortasse
1045 1147 1263 1191 Rhabano·
1297 1152 1461 1192 tantum
1502 1155 1606 1209 apta
1640 1149 1701 1194 vi-

313 1220 500 1267 debatur
528 1225 826 1280 praetextatae
859 1233 1050 1279 persona
1085 1216 1272 1262 Africani
1309 1214 1552 1280 (Scipionis
1592 1218 1703 1263 Afri-

312 1290 411 1335 cani
445 1289 675 1347 maioris),
708 1287 894 1332 fortasse
924 1287 1053 1331 etiam
1088 1285 1174 1330 hoc
1207 1286 1401 1346 scripsit,
1435 1287 1567 1331 Ennii
1602 1288 1704 1332 Sci·

312 1360 486 1421 pionem
533 1370 766 1418 perperam
822 1371 903 1417 pro
947 1355 1095 1401 fabula
1137 1355 1312 1401 scenica
1345 1356 1559 1401 habens.“
1629 1355 1700 1402 cf.

312 1427 576 1474 Welokerus
609 1427 639 1471 l.
674 1426 702 1469 l.
739 1441 781 1485 p.
826 1426 965 1478 1346,
997 1425 1101 1468 Not.
1135 1425 1214 1469 20.
1684 1448 1690 1451 -

454 1494 539 1540 His
572 1493 821 1555 praemissis
856 1493 914 1538 ad
947 1492 1242 1538 recensendas
1278 1506 1353 1538 eas
1370 1493 1539 1538 fabulas
1557 1499 1704 1539 trans·-

302 1563 592 1626 -grediamun
637 1578 746 1623 quas
794 1564 912 1608 Attio
964 1561 1277 1607 abiudicandas
1322 1578 1421 1608 esse
1462 1578 1702 1609 censemus.

310 1634 523 1680 Dicamus
556 1624 692 1693 igitur
722 1632 863 1693 primo
896 1632 996 1677 loco
1023 1631 1082 1676 de
1119 1631 1441 1686 Andromacha,
1475 1648 1604 1693 qnam
1639 1633 1705 1678 fa·

312 1703 461 1748 bnlam
490 1703 595 1747 Attii
630 1718 717 1747 non
751 1717 850 1746 esse
876 1701 980 1746 inde
1007 1708 1215 1761 apparet,
1251 1703 1378 1760 quod
1413 1718 1527 1762 quae
1568 1703 1704 1747 verba

312 1770 486 1817 Nonius
532 1787 566 1816 s.
602 1788 640 1816 v.
674 1771 914 1831 longinque
951 1787 994 1831 p.
1040 1770 1153 1815 515.
1188 1771 1249 1816 Μ.
1295 1786 1350 1816 ex
1395 1772 1496 1817 Attii
1537 1771 1705 1817 Andro·-

314 1840 473 1885 macha
509 1840 653 1892 affert,
689 1840 844 1883 eadem
880 1855 914 1883 s.
954 1857 990 1883 v.
1023 1854 1234 1884 summum
1270 1856 1319 1900 p.
1347 1840 1458 1885 402.
1495 1841 1552 1885 M.
1572 1841 1705 1885 Ennii

313 1908 565 1971 cognomini
585 1908 760 1953 fabulae
785 1907 1031 1968 adscripsit.
1093 1908 1246 1969 Itaque
1271 1924 1369 1954 cum
1402 1909 1502 1955 Attii
1529 1909 1703 1955 Andro-

312 1978 471 2024 macha
492 1977 611 2023 nullo
639 1978 724 2022 alio
753 1992 807 2022 ex
836 1978 935 2022 loco
967 1978 1091 2022 nobis
1121 1979 1357 2033 enotuerit,
1399 1979 1529 2025 Ennii
1558 1988 1703 2025 antem

312 2047 462 2092 fabula
523 2047 695 2107 saepius
748 2054 1137 2101 commemoretur,
1206 2048 1431 2094 Meroerus
1491 2049 1535 2094 in
1586 2049 1704 2095 Non.

314 2132 356 2177 p.
379 2116 494 2161 773.
518 2116 561 2161 in
584 2117 730 2176 prIore
747 2116 883 2160 Nonii
902 2116 1002 2161 loco
1021 2132 1101 2176 pro
1122 2117 1237 2161 Attio
1254 2123 1375 2162 recte
1395 2118 1526 2163 Ennii
1545 2133 1704 2165 nomen

308 2185 626 2230 vrestituendum
677 2184 925 2236 contendit,
987 2184 1346 2245 adstipulantibus
1389 2187 1614 2233 Scriverio
1659 2195 1705 2234 et

312 2254 581 2308 Vossio;,cf.
598 2253 816 2299 Columna
835 2253 879 2298 in
904 2253 1034 2298 Ennii
1054 2252 1214 2315 fragm.
1231 2271 1273 2317 p.
1291 2255 1557 2303 241.1Hess.
1579 2258 1702 2308 Qua-

309 2328 494 2383 propter
515 2329 731 2375 errarunt,
747 2323 821 2382 qui
843 2323 886 2367 in
905 2322 1029 2368 Festi
1048 2322 1149 2368 loco
1168 2340 1202 2369 s.
1224 2341 1262 2370 v.
1279 2327 1510 2371 summussi
1523 2340 1569 2386 p.
1587 2327 1702 2374 241.

309 2391 442 2437 Lind.
477 2391 688 2445 „Ennius
716 2391 760 2437 in
791 2398 915 2437 sexto
944 2392 1197 2439 Annalium:
1232 2394 1419 2445 Quintus
1451 2396 1495 2439 in
1528 2395 1703 2442 occulto

310 2461 547 2513 mussabat,
579 2467 624 2505 et
645 2493 800 2506 .......
826 2462 869 2506 in
890 2461 1219 2508 Andromacha:
1255 2462 1327 2507 dic
1345 2464 1431 2507 iam
1450 2471 1592 2509 mater
1613 2480 1700 2511 non

310 2533 413 2572 est“
449 2530 647 2574 lacunam
666 2529 770 2574 Attii
790 2531 964 2575 nomine
984 2529 1228 2589 explerunt,
1262 2531 1384 2577 cuius
1401 2547 1458 2578 ne
1478 2534 1699 2580 minimum

308 2596 483 2656 quidem
503 2598 732 2658 vestigium
753 2599 797 2643 in
817 2599 1003 2657 antiquis
1022 2598 1142 2644 libris
1160 2600 1384 2646 invenitur.
1453 2603 1604 2647 Nihilo
1630 2610 1698 2649 ta-

304 2681 405 2711 men
426 2681 552 2711 secus
570 2668 755 2713 Bothius
773 2668 918 2713 Poett.
939 2683 1083 2713 scenn.
1107 2668 1226 2715 Latt.
1246 2671 1298 2725 V,
1317 2688 1359 2731 p.
1373 2672 1485 2717 250.
1503 2673 1559 2717 ab
1581 2674 1700 2720 Attio

305 2735 409 2781 dicit
439 2735 790 2781 Andromacham
827 2752 925 2782 esse
952 2738 1155 2798 scriptam
1185 2739 1370 2784 etvinter
1395 2740 1563 2787 incerta
1593 2744 1697 2788 Attii

300 2802 550 2864 fragmenta
570 2802 677 2848 illud
698 2806 827 2851 affert
854 2807 969 2861 „iam
991 2806 1104 2853 hanc
1122 2807 1276 2852 urbem
1292 2807 1410 2854 ferro
1431 2817 1595 2857 vastam
1624 2812 1696 2857 fa·—
