1877 2989
844 272 1133 315 -20-

293 400 429 449 No'nii
465 395 551 441 loci
580 393 899 439 ⁴demonstrant.
956 391 1101 437 Recte
1137 391 1274 452 igitur
1309 391 1617 455 fragmentum
1639 392 1689 437 ii-

294 470 370 517 lud
405 466 463 513 ad
497 464 602 511 Attii
625 461 1222 512 Andromedam-retulerunt
1253 462 1566 510 Scriverius‘et
1581 463 1692 510 Vos·

296 541 406 592 sius,
443 535 599 596 quibus
632 531 828 578 Bothius'
852 532 881 577 l.
912 532 938 575 Ι.
958 547 1000 592 p.
1033 531 1098 576 -17
1101 532 1146 577 2.
1169 532 1562 593 obtemperandum
1577 531 1693 578 iudi—

298 616 394 662 cat,
425 605 505 652 nisi
540 603 684 665 potius
718 599 995 646 scribendum
1030 601 1086 646 sit
1119 603 1296 655 ,3Antro
1331 601 1529 654 me'di0“,
1563 609 1693 661 qua'm
1739 635 1746 637 μ

296 678 543 741 opinionem
578 674 673 733 ipse
709 670 859 716 reiecit
892 670 936 713 in
972 670 1083 715 Mus.
1118 670 1264 716 Rhen.
1299 672 1364 717 V.
1387 688 1430 732 p.
1468 671 1590 722 255,
1622 670 1698 715 ubi

301 749 414 794 baec
457 743 638 806 protulit
680 738 840 800 „quod
876 739 1031 784 attinet
1062 739 1120 785 ad
1150 757 1306 787 nomen
1354 740 1480 786 huius
1510 738 1700 792 fabulae,

299 819 533 863 etiamnum
566 812 611 855 id
646 810 932 870 depravatum
968 824 1065 853 esse
1106 817 1236 870 puto,
1294 825 1377 856 nec
1419 809 1524 855 satis
1571 808 1701 853 suerit

299 884 493 932 scribere
529 877 798 931 Automede,
829 878 1025 937 quamvis
1063 874 1381 940 α’ναλογικαῖς,
1403 878 1498 924 -sed
1531 892 1701 939 ponen-

300 955 403 1000 dum
438 950 610 997 videtur
645 951 880 994 Automate
923 962 1001 992 seu
1048 948 1194 1006 potius
1234 950 1478 993 Automatia
1519 953 1700 1006 propter

302 1019 623 1070 similitudinem
673 1015 980 1067 Automediae,
1050 1022 1097 1058 ut
1136 1015 1406 1075 intelligatur
1454 1017 1699 1067 Automate,

299 1091 412 1138 uxor
442 1086 672 1137 Busiridis,
712 1090 758 1128 et
791 1083 999 1143 templum
1033 1082 1141 1127 illud
1177 1084 1308 1137 Iovis,
1349 1084 1418 1129 cui
1442 1084 1699 1144 peregrinos

299 1158 554 1207 immolabat
575 1153 751 1199 Busiris
772 1153 1003 1205 recentior,
1036 1167 1166 1211 quem
1194 1153 1382 1198 eundem
1398 1152 1588 1213 Aegypti
1606 1151 1698 1197 filio

302 1227 569 1290 cognomine
604 1222 823 1283 putaverit
858 1222 1024 1275 Attius;
1078 1221 1162 1266 vid.
1196 1221 1437 1282 Apollodor
1481 1221 1529 1276 2,
1570 1222 1612 1274 l,
1648 1224 1698 1279 5,

300 1296 489 1346 Wessel.
522 1293 580 1338 ad
616 1290 748 1337 Diod.
782 1290 869 1334 Sic.
898 1290 976 1334 78.
1008 1289 1083 1334 60.
1121 1297 1203 1335 etc.
1269 1290 1515 1336 Busiridem
1552 1289 1701 1335 docuit

302 1363 560 1425 Euripides,
581 1361 714 1405 cuius
747 1358 1008 1417 tragoediae
1042 1358 1335 1417 fragmentum
1375 1360 1507 1403 breve
1547 1372 1699 1417 super-

302 1441 371 1482 est
403 1431 521 1494 apud
552 1429 791 1475 Stobaeum
824 1427 887 1472 tit.
925 1425 1035 1473 62⁶⁶
1119 1427 1350 1473 Eiusmodi
1393 1435 1547 1474 'autem
1589 1442 1702 1473 con·-

298 1503 475 1551 iecturis
511 1499 613 1545 nihil
652 1497 926 1558 proficimus;
963 1496 1166 1555 equidem
1202 1505 1352 1556 persto
1401 1497 1444 1541 in
1492 1497 1697 1555 antiquis-

297 1571 502 1620 simarum
542 1567 780 1613 editionum
815 1566 1043 1625 scriptura
1066 1572 1111 1611 et
1154 1565 1448 1626 fragmentum
1488 1564 1595 1611 illud
1639 1563 1696 1610 ad

298 1641 405 1688 'Attii
439 1635 763 1684 Andromedam
794 1635 1015 1693 pertinere
1048 1635 1249 1678 arbitror.
1306 1636 1454 1678 Verba
1498 1640 1697 1693 spectare

299 1711 499 1756 videntur
534 1704 591 1752 ad
627 1718 821 1765 pugnam
857 1702 1037 1758 Persei,
1072 1710 1213 1748 cetam
1260 1702 1558 1763 deprecantis:
1614 1704 1695 1747 im-

300 1779 430 1824 mane
473 1783 518 1820 te
557 1775 719 1818 habeat
765 1771 1000 1831 templum,
1070 1772 1346 1817 obvallatum'
1380 1773 1574 1825 ossibus,
1628 1771 1697 1816 cui

301 1843 648 1909 interpretationi
684 1856 770 1901 non
804 1839 1056 1902 refragatur
1091 1857 1173 1887 vox
1212 1841 1563 1902 templum;.cfr.
1608 1841 1698 1886 Go-

299 1919 448 1963 lumna
484 1913 536 1959 in¹
557 1911 688 1956 Ennii
724 1910 882 1968 fragm.
910 1925 952 1969 p.
978 1910 1058 1954 35.
1092 1917 1137 1954 et
1170 1910 1284 1955 239.
1324 1912 1456 1955 Hess.

434 1984 606 2030 Novam
639 1977 888 2040 disputandi
919 1979 1143 2024 materiem
1175 1980 1359 2041 praebet
1393 1979 1537 2025 Persii
1576 1980 1696 2026 locus

301 2056 480 2101 multum
526 2056 730 2096 tentatus.
807 2048 859 2092 In
903 2049 1038 2093 satira
1058 2058 1060 2060 ’
1080 2050 1216 2109 prima
1241 2050 1507 2108 ‚aequalium
1553 2049 1697 2094 homi-

299 2120 415 2170 num'
436 2120 577 2167 studia
612 2125 813 2179 carpens,
848 2132 886 2161 a.
924 2117 976 2163 V.
1012 2117 1091 2161 68.
1132 2117 1313 2162 Persius
1347 2118 1391 2161 in
1429 2132 1587 2163 caecos
1623 2133 1697 2163 ve-

297 2200 440 2238 terum
484 2197 712 2250 poetarum
768 2184 1055 2229 admiratores
1100 2186 1328 2231 invehitur.
1420 2187 1694 2247 Conceptam

298 2270 444 2309 autem
488 2258 590 2303 inde
642 2253 986 2314 indignationem
1041 2255 1200 2300 nollem
1246 2254 1473 2301 effudisset
1516 2256 1558 2300 in
1603 2272 1694 2310 eos,

295 2332 369 2391 qui
413 2328 595 2373 Pacuvii
660 2325 870 2382 Attiique,
929 2324 1395 2382 praestantissimorum
1453 2331 1694 2383 poetarum,

297 2400 450 2446 amore
492 2400 758 2441 tenerentur.
825 2391 940 2437 Nam
985 2392 1140 2439 iniusta
1181 2409 1288 2439 sane
1327 2391 1529 2453 protulit,
1576 2393 1694 2452 quod

296 2469 407 2515 haec
441 2467 590 2529 scribit
624 2481 662 2510 v.
699 2462 813 2506 76.:

395 2537 479 2583 Est
509 2549 648 2587 nunc,
686 2530 854 2576 Brisaei
892 2546 1023 2589 quem
1060 2545 1245 2577 venosus
1279 2530 1391 2576 liber
1419 2530 1522 2586 Atti,

400 2606 533 2659 Sunt,
569 2619 679 2664 quos
713 2600 1019 2658 Pacuviusque
1052 2608 1096 2645 et
1141 2616 1374 2646 verrucosa
1408 2597 1602 2647 moretur

397 2673 609 2732 Antiopa,
644 2668 860 2715 aerumnis
894 2683 972 2711 cor
1002 2668 1280 2715 luctificabile
1311 2669 1432 2716 fulta.

294 2742 470 2803 Antiqui
491 2741 588 2785 libri
608 2739 816 2799 Brysaei,
849 2736 1035 2791 Brisaei,
1066 2740 1251 2793 Brusei,
1277 2739 1434 2798 Brysei
1454 2738 1691 2800 scripturas

290 2813 517 2875 praebent.
589 2808 747 2866 Neque
784 2815 928 2853 tamen
973 2808 1136 2868 placuit
1181 2808 1280 2855 viris
1326 2807 1465 2852 doctis
1519 2809 1692 2855 Attium
