1877 2989
738 238 998 280 -9-

309 360 437 412 Quae
473 375 572 406 cum
605 360 666 406 ita
682 357 814 411 sint,
860 355 1001 402 altero
1035 370 1222 416 quoque,
1255 370 1343 417 quo
1372 354 1430 402 ad
1465 371 1564 402 sen-

176 428 683 477 tentiamstabiliendam
718 432 920 479 utuntur,
955 424 1053 469 loco
1086 425 1318 486 quidquam
1349 441 1564 486 negamus

173 500 362 560 probari.
426 500 680 544 Provocant
716 495 829 540 enim
867 494 925 538 ad
954 494 1050 539 Val.
1085 495 1200 539 Max.
1237 494 1346 549 3‚7‚
1368 496 1457 548 11„
1490 496 1563 555 qui

172 569 335 628 Attium
364 575 540 630 poetam
573 582 674 613 cum
707 563 818 610 Iulio
842 563 1036 617 Caesare
1071 570 1297 624 poetarum
1327 564 1570 624 collegium*

171 637 470 699 frequentasse
504 636 638 683 tradit
670 631 731 694 Ψ).
800 629 872 679 Ea
903 633 988 678 Lil.
1024 633 1249 694 Gyraldus
1277 633 1306 677 Ι.
1336 634 1364 678 l.
1399 634 1455 678 ad
1491 636 1565 680 Iu-

171 706 273 752 lium
308 708 549 752 Gaesarem
585 704 751 749 clarum
783 702 902 747 illum
938 701 1218 755 dictatorem,
1253 702 1327 761 qui
1361 703 1565 747 intersec-

170 783 240 821 tus
273 782 341 820 est
374 791 415 819 a.
452 776 564 819 710.
597 774 655 819 U.
689 787 743 825 c.‚
776 772 924 825 refert,
961 787 1103 831 neque
1133 772 1260 817 aliter
1288 771 1453 816 iudicat
1470 772 1562 817 Bo-

170 843 284 889 thius
311 843 341 888 l.
369 842 398 888 l.
432 859 475 903 p.
498 842 631 896 157„
658 840 733 901 qui
761 841 924 886 Attium
959 846 1095 900 negat
1127 846 1343 885 mortuum
1366 855 1464 884 esse
1481 856 1564 886 an-

169 918 286 957 tea.
321 911 436 957 675.
475 911 555 964 U.‚
599 925 687 970 quo
724 909 899 969 quidem
944 923 1058 954 anno
1091 914 1137 954 et
1171 908 1293 954 Sulla
1330 908 1487 954 obierit
1520 916 1565 955 et

170 979 339 1025 Caesar
373 980 415 1025 in
461 980 633 1026 civitate
677 993 864 1038 magnus
905 977 1057 1022 haberi
1102 977 1309 1037 coeperit.
1388 977 1566 1023 Erravit

169 1054 314 1095 autem
352 1057 396 1095 ct
432 1045 656 1111 Gyraldus
690 1056 735 1094 et
767 1046 974 1101 Bothius‚
1031 1061 1214 1107 quorum
1257 1045 1417 1092 nollem
1462 1063 1563 1092 sen-

168 1119 349 1165 tentiam
383 1118 606 1178 amplexus
640 1124 759 1163 esset
773 1116 1050 1163 Weichertus
1081 1113 1252 1175 (Poett.
1272 1116 1392 1161 Latt.
1411 1117 1563 1176 reliqq.

168 1204 213 1247 p.
243 1187 323 1234 13.
357 1187 464 1233 Not.
495 1183 625 1246 17.)‚
668 1187 734 1230 vir
756 1186 800 1230 in
830 1184 1042 1230 'eiusmodi
1074 1186 1208 1229 rebus
1242 1184 1431 1244 alioquin
1461 1201 1565 1231 cau-

164 1255 365 1305 tissimus.
400 1256 569 1300 Caesar
579 1255 691 1299 enim
704 1253 904 1307 dictator,
915 1268 1002 1313 quo
1015 1268 1131 1297 anno
1143 1253 1267 1298 Sulla
1276 1260 1473 1299 mortuus
1483 1262 1564 1309 est,

166 1339 303 1369 anuos
323 1323 474 1370 habuit
494 1323 647 1385 viginti
667 1339 797 1368 unum
810 1355 823 1376 ‚
858 1339 947 1382 quo
967 1330 1165 1383 tempore
1186 1322 1452 1367 nondumsea
1469 1332 1565 1370 erat

170 1393 434 1438 auctoritate
464 1398 598 1451 atque
635 1392 803 1450 gloria,
840 1392 915 1450 qui
950 1391 1238 1451 amplissimus
1273 1400 1319 1435 et
1347 1392 1564 1437 florentis-

166 1461 298 1507 simus
326 1462 409 1506 —vir
454 1476 481 1505 a
513 1460 692 1505 Valerio
730 1467 877 1519 posset
917 1459 1146 1520 appellari.
1217 1460 1332 1510 Quin
1381 1476 1561 1519 persua·

164 1529 376 1576 sissimum
410 1528 513 1574 mihi
548 1534 616 1574 est
649 1527 707 1573 de
741 1529 935 1575 Caesare
969 1528 1181 1574 dictatore
1218 1529 1360 1577 verba.
1386 1544 1441 1574 ea
1471 1544 1561 1576 non

164 1607 267 1644 ante
300 1614 460 1643 aunum
495 1598 608 1643 694.
640 1598 701 1642 U.
739 1614 803 1651 c.‚
849 1597 895 1641 id
940 1603 1008 1642 est
1038 1613 1126 1641 non
1160 1603 1262 1642 ante
1305 1596 1353 1641 id
1391 1605 1563 1660 tempus

164 1667 407 1728 praedicari
440 1669 655 1728 potuisse,
724 1683 811 1726 quo
857 1667 1066 1711 societate
1116 1682 1215 1711 cum
1258 1666 1473 1727 Pompeio
1516 1675 1563 1713 et

164 1737 329 1782 Crasso
373 1736 478 1782 inita
521 1737 706 1797 primum
741 1735 1050 1797 magnitudinis
1091 1734 1416 1781 fundamentum
1449 1737 1563 1784 iecit.

164 1807 332 1870 Quibus
374 1807 593 1852 concessis
640 1822 723 1851 non
766 1806 930 1866 poteris
973 1806 1074 1866 quin
1120 1805 1284 1851 Valerii
1329 1806 1472 1852 locum
1506 1806 1566 1852 de

162 1875 248 1920 alio
280 1875 469 1934 quodam
500 1876 696 1920 Caesare
729 1875 961 1935 intelligas.
1029 1875 1189 1932 Neque
1219 1890 1323 1918 vero
1343 1875 1388 1919 id
1422 1876 1562 1920 solum

163 1950 244 1997 est,
279 1959 366 2003 quo
385 1943 648 1988 offendimur
676 1944 718 1987 in
749 1943 912 1986 Valerii
937 1943 1050 1997 loco,
1079 1941 1158 1986 sed
1191 1941 1298 1985 illud
1317 1943 1446 1987 etiam
1468 1959 1562 1989 ma-

164 2028 298 2074 gnam
331 2012 455 2057 nobis
490 2010 801 2057 dubitationem
832 2011 987 2064 affert,
1033 2008 1149 2070 quod
1194 2010 1279 2055 iam
1316 2012 1418 2057 Attii
1452 2019 1562 2057 tem-

163 2098 273 2143 pore
306 2090 534 2143 poetarum
566 2080 801 2143 collegium
841 2080 1054 2126 exstitisse
1094 2079 1290 2125 traditur.
1374 2081 1562 2127 Etiamsi

163 2151 277 2196 enim
308 2167 364 2197 ex
396 2151 607 2197 Suetonio
642 2150 699 2196 de
729 2150 881 2197 illustr.
909 2166 1093 2211 gramm.
1133 2149 1244 2211 Cap.
1280 2146 1325 2195 1.
1356 2166 1562 2212 comper-

164 2227 254 2266 tum
282 2219 491 2264 habemus
518 2220 841 2280 <antiquissimos
869 2227 1042 2281 poetas,
1074 2219 1242 2263 Livium
1274 2227 1319 2264 et
1346 2221 1560 2273 Ennium,

165 2289 202 2334 si
231 2288 335 2350 quid
353 2288 527 2335 Latine.
552 2289 919 2350 composuissent,
954 2288 1247 2351 praelegisse,
1282 2289 1387 2334 nihil
1414 2296 1560 2335 tamen

163 2358 397 2419 quidquam
426 2357 484 2404 de
516 2364 764 2420 poetarum,
810 2359 883 2419 qui
910 2363 1005 2405 tum‘
1027 2365 1177 2412 erant,
1223 2359 1412 2420 collegio
1441 2375 1560 2405 com-

214 2477 261 2523 *)
284 2479 412 2516 valer.
436 2481 540 2517 Max.
566 2481 594 2517 l.
624 2481 651 2517 l.
698 2505 722 2525 ‚‚
733 2480 873 2527 Magno
906 2480 1029 2528 spatio
1064 2480 1202 2515 divisus
1236 2487 1290 2514 est
1314 2492 1334 2514 a
1357 2488 1489 2515 senatu
1514 2482 1563 2517 ad

163 2533 313 2573 poetam
336 2526 491 2563 Accium
515 2529 702 2563 transitus.
748 2526 917 2563 Ceterum
943 2535 983 2561 ut
1008 2528 1055 2562 ab
1079 2540 1122 2562 eo
1147 2526 1336 2561 decentius
1363 2527 1409 2561 ad
1434 2536 1563 2564 exter-

163 2584 213 2606 na
239 2579 492 2619 transeamus,
534 2575 759 2623 producatur
780 2575 820 2608 in
843 2574 1017 2610 medium.
1077 2575 1111 2608 Is
1139 2572 1230 2608 lulio
1260 2572 1431 2619 Caesari,
1481 2589 1564 2612 am-

163 2618 329 2665 plissimo
348 2629 383 2656 et
401 2621 663 2658 florentissimo
682 2622 774 2664 viro,
799 2619 839 2656 in
858 2622 1048 2668 collegium
1071 2628 1259 2666 poetarum
1279 2622 1445 2658 venienti
1464 2637 1562 2658 nun-

163 2677 272 2710 quam
298 2670 517 2704 assurrexit:
543 2681 620 2703 non
645 2669 843 2702 maiestatis
863 2670 941 2703 eius
960 2671 1162 2708 immemor,
1188 2667 1254 2701 sed
1274 2669 1375 2714 quod
1399 2671 1437 2703 in
1458 2682 1563 2704 com-

165 2712 359 2757 paratione
394 2716 643 2750 communium
674 2713 878 2748 studiorum
913 2715 1100 2759 aliquanto
1134 2715 1363 2761 superiorem
1410 2727 1449 2749 se
1483 2727 1563 2751 esse

167 2757 383 2795 confideret.
461 2762 697 2810 Quapropter
720 2761 939 2796 insolentiae
965 2761 1117 2795 crimine
1141 2763 1277 2805 caruit,
1303 2763 1388 2807 quia
1413 2762 1466 2797 ibi
1493 2776 1563 2798 vo-

166 2806 365 2851 luminum,
393 2821 469 2844 non
494 2810 693 2855 imaginum
719 2809 917 2844 certamina
943 2807 1257 2844 exe1·ceban1ur.“-
