1877 2989
762 221 1052 263 ..11-

199 344 284 389 tius
311 348 457 388 tecum·
476 342 769 404 reputaveris,
802 339 968 386 Valerii
987 338 1173 394 locum,
1193 339 1252 385 de
1278 355 1366 400 quo
1394 337 1598 393 diximus,

199 414 244 458 in
263 412 380 458 huno
405 413 645 460 Caesarem
676 410 941 457 Strabonem
970 407 1187 455 concedes
1216 408 1408 480 inprimis
1431 424 1599 456 conve-

199 572 291 595 rum.
318 558 383 595 cfr.
408 559 445 603 2,
473 558 533 602 54,
556 556 628 594 216
650 568 745 603 sqq„
769 552 859 599 253,
887 553 932 588 12
950 565 1028 601 sqq.
1079 552 1310 599 Orationum,
1338 568 1429 602 quas
1453 555 1596 599 babuit,

229 618 318 643 auca
349 606 462 642 hodie
495 610 693 651 supersunt
731 601 949 646 fragmenta.
975 602 1040 636 cfr.
1067 600 1186 637 Oratt.
1212 602 1317 637 Rom.
1351 602 1466 648 fragg.
1496 601 1598 637 edid.

199 620 451 701 Kleyeruasp.
472 650 553 686 160.
592 649 723 684 Eidem
750 647 1015 683 adscribendae
1042 656 1126 682 sunt
1148 648 1381 694 tragoediae,
1416 662 1510 695 quae
1535 649 1601 682 lua

202 700 244 734 lii
271 701 420 734 nomine
444 703 795 739 commemorantur-3
819 694 895 729 vid.
919 695 1060 730 Ascon-
1095 696 1135 730 in
1160 694 1290 732 scaur.
1322 709 1361 743 p.
1385 695 1444 731 24.
1483 695 1599 730 Orell.

203 746 286 780 lulii
313 745 514 785 Adrastum
549 744 686 778 excitat
717 742 845 776 Festus
882 754 922 787 p.
948 742 1029 776 201.
1056 742 1187 786 Lind.,
1237 742 1470 777 Tecmessam
1501 734 1597 776 Mar.

202 792 391 827 Victorin.
415 803 453 838 Ρ.
477 786 571 825 2456
589 790 631 823 P.
659 789 701 822 ln
728 788 897 822 Mam-ob.
922 787 1001 822 Sat.
1023 786 1058 832 6,
1076 785 1113 822 4.
1140 796 1259 823 exstat
1282 789 1521 823 Teuthrantis
1539 789 1601 822 fa-

200 836 311 872 bulae
342 837 585 883 fragmentum
620 834 925 879 (Themi-antem,
975 833 1018 867 'ut
1051 834 1115 868 alii
1146 833 1312 878 malunt,
1360 834 1491 869 falsam
1522 847 1601 870 esse

200 885 275 919 acri
304 891 419 917 turam
456 882 582 917 docuit
616 881 826 917 Lobeckiua
863 882 905 915 in
937 880 1054 928 Soph.
1088 880 1194 924 Ajac.
1219 881 1312 925 210,
1350 894 1391 929 p.
1418 879 1497 916 159.
1532 881 1601 917 Ed.

200 943 275 966 sec.
299 955 312 976 ,
360 930 428 968 llio
454 937 588 976 poetae
613 928 763 963 aliunde
788 940 937 975 prorsus
964 929 1093 974 ignoto
1118 927 1380 962 adiudicatum.
1446 928 1491 962 Ei
1516 927 1601 963 loco

201 978 285 1012 lulii
310 990 445 1013 nomen
470 975 698 1012 reddendum
727 988 806 1011 esse
834 976 908 1009 iam
933 975 1067 1010 Delrio
1092 975 1290 1019 intellexit,
1316 982 1357 1009 ut
1380 987 1427 1009 ex
1451 974 1602 1010 Scrive—

201 1026 259 1059 rio
282 1035 503 1070 cognoscere
525 1024 625 1057 licet.
678 1023 827 1055 Erravit
860 1029 981 1055 autem
1004 1022 1243 1056 vehementer
1265 1023 1322 1055 vir
1345 1020 1600 1065 doctissimus,

203 1069 305 1114 quod
331 1082 376 1104 ex
399 1069 521 1104 verbis
546 1068 698 1102 Asconii
725 1074 901 1111 „tantum
933 1067 974 1101 in
1008 1068 1157 1102 civitate
1191 1067 1346 1113 polluit,
1396 1075 1435 1102 ut
1472 1068 1600 1103 caussa

201 1116 293 1151 belli
323 1116 441 1151 civilis
467 1115 656 1150 contentio
682 1114 759 1148 eius
795 1126 876 1149 cum
902 1111 1068 1159 Sulpicio
1098 1113 1248 1148 tribuno
1285 1112 1393 1149 fleret
1396 1138 1599 1150 ......

202 1162 307 1197 Idem
331 1164 427 1195 inter
450 1163 589 1208 primos
614 1161 791 1206 temporis
824 1161 880 1193 sui
906 1167 1069 1194 oratores
1094 1168 1131 1194 et
1161 1162 1320 1204 tragicus
1345 1168 1457 1206 poeta
1481 1161 1602 1195 bonus

202 1206 397 1242 admodum
423 1207 569 1240 habitus
596 1204 676 1239 est“
701 1205 906 1248 Sulpicium
930 1206 1108 1249 tragicum
1132 1213 1282 1260 poetam
1297 1205 1408 1248 fecit,
1437 1207 1500 1252 qui
1524 1214 1603 1240 tra·

201 1252 353 1299 goedias
376 1264 459 1288 suas
483 1251 568 1287 tulii
600 1251 750 1286 nomine
782 1250 1022 1297 inscripserit.
1093 1250 1191 1286 Hinc
1225 1249 1382 1287 fortasse
1414 1260 1515 1287 ortus
1549 1259 1604 1288 est

201 1300 374 1336 Kordesii
398 1311 512 1342 error,
537 1298 600 1344 qui
624 1299 664 1331 in
688 1296 878 1332 Additam.
904 1297 952 1331 ad
976 1297 1197 1345 Eberhardti
1221 1298 1391 1334 libellum
1413 1295 1518 1341 „tibet
1543 1299 1603 1335 ben

201 1344 345 1388 5ustanb
369 1346 427 1382 bet:
458 1341 587 1389 sebonen
621 1342 885 1387 {Biffenfcboftcn
918 1351 957 1388 gu
981 1343 1108 1381 &tumn
1129 1357 1168 1389 p.
1194 1345 1242 1381 55
1267 1353 1305 1380 et
1328 1344 1386 1380 56.
1420 1345 1602 1393 perhibet,

203 1392 407 1439 Sulpicium
433 1392 622 1437 scripsisse
647 1390 758 1424 Iulios
783 1389 946 1423 fabulam
969 1397 1257 1435 praetextatam3
1287 1391 1351 1426 vid
1369 1391 1557 1438 Langeum
1574 1392 1602 1427 l.

200 1438 228 1474 l.
254 1453 294 1487 p.
305 1437 364 1473 14.
388 1439 474 1473 Not.
489 1438 543 1473 18.
573 1437 775 1471 Scriverius
799 1444 856 1478 et,
883 1437 946 1482 qui
971 1449 1053 1472 eum
1081 1439 1257 1484 sequitur,
1282 1438 1437 1474 Bothius
1461 1439 1598 1481 (Poett.

203 1495 330 1520 scenn.
355 1484 452 1518 Laut.
477 1482 545 1525 V„
570 1497 606 1530 p·
632 1482 744 1524 255.)
778 1480 821 1518 C.
850 1483 940 1517 lulio
973 1482 1122 1538 quidem
1147 1484 1360 1519 adscribunt
1385 1485 1602 1519 Teuthran-

201 1529 284 1565 tem‘
300 1529 482 1573 fabulam,
531 1530 629 1563 hunc
661 1540 750 1562 vero
786 1528 918 1561 lulium
953 1527 1184 1573 distinguunt
1215 1542 1235 1563 a
1259 1528 1301 1565 C.
1326 1530 1420 1565 lulio
1445 1529 1603 1566 Caesare

202 1576 398 1619 Strabone,
424 1577 526 1610 cuius
551 1576 600 1609 sit
623 1573 806 1609 Adrastus
830 1573 1021 1618 tragoedia
1049 1582 1086 1609 et
1109 1575 1320 1611 Tecmessa.
1370 1575 1445 1611 Sed
1468 1589 1604 1623 quem-

203 1622 402 1659 admodum
443 1622 593 1665 Delrio,
640 1618 791 1655 Asconii
837 1620 959 1654 verbis
1001 1633 1195 1667 perperam
1235 1622 1453 1666 intellectis,
1511 1636 1605 1658 voce

201 1668 358 1712 „idem“
378 1670 609 1716 potissimum
634 1667 832 1713 deceptus,
858 1667 898 1699 in
928 1679 1088 1701 errorem
1113 1667 1290 1703 adductus
1316 1677 1393 1712 est,
1426 1670 1478 1703 ita
1502 1669 1608 1703 Scri-

203 1717 326 1750 verius
353 1723 390 1750 et
412 1715 589 1756 Bothius,
629 1713 731 1759 quod
755 1712 799 1749 C.
824 1713 958 1746 Iulium
993 1720 1029 1747 et
1054 1712 1097 1747 G.
1123 1714 1254 1748 lulium
1279 1714 1473 1751 Caesarem
1499 1714 1606 1750 Stra-

203 1761 341 1802 bonem
366 1759 630 1796 discernendos
656 1772 737 1794 esse
753 1758 999 1801 contendunt,
1029 1759 1129 1793 haud
1148 1760 1429 1807 providissimus
1447 1774 1487 1796 se
1502 1774 1607 1807 prae·

206 1809 399 1851 stiterunt,
427 1820 510 1841 cum
535 1806 723 1841 Asconius
750 1812 876 1853 aperte
900 1813 937 1840 et
960 1807 1157 1852 perspicue
1182 1807 1298 1850 dicat,
1327 1806 1474 1843 Caesari
1499 1809 1608 1842 Stra-

205 1853 296 1888 boni
321 1852 586 1888 adiudicandas
615 1864 695 1887 esse
719 1851 948 1897 tragoedias,
998 1864 1093 1900 quae
1117 1853 1201 1886 lnlii
1225 1854 1376 1888 nomine
1403 1854 1607 1901 inscriptae

206 1900 293 1934 sint.
340 1901 453 1934 Recte
476 1900 588 1944 igitur
612 1899 778 1943 Langeus
799 1898 839 1943 ,l.
864 1897 890 1930 1.
913 1910 954 1944 Ρ.
981 1898 1037 1930 10.
1064 1905 1137 1931 tres
1161 1898 1244 1932 illas
1268 1899 1412 1933 fabulas
1436 1901 1500 1933 uni
1526 1901 1606 1933 vin-

205 1945 343 1982 dicavit
368 1945 515 1981 Caesari
542 1944 740 1987 Straboni,
768 1942 972 1990 eademque
1006 1950 1061 1977 est
1084 1946 1267 1979 sententia
1291 1945 1500 1980 Weicherti
1528 1946 1556 1980 l.
1580 1947 1605 1980 l.

234 2017 244 2029 .
268 1994 351 2028 127.
374 1993 460 2028 Not.
485 1991 625 2027 Osanni
651 1998 771 2025 autem
798 1990 1036 2036 opinionem,
1070 1991 1133 2036 qui
1158 1992 1197 2025 in
1223 1993 1534 2028 commentatione
1559 1992 1608 2029 de

205 2006 321 2087 goph.
348 2041 454 2074 Aiac.
486 2053 524 2086 p.
549 2039 608 2073 73.
634 2038 897 2072 Teuthrantem
928 2036 1090 2071 fabulam
1112 2037 1220 2073 Livio
1245 2039 1388 2083 tribuit,
1412 2040 1609 2075 Duentze-

206 2099 268 2120 rus
296 2085 367 2128 (de
391 2087 467 2120 vita
496 2092 532 2120 et
563 2084 709 2131 scriptis
734 2084 831 2117 Livii
856 2082 1063 2117 Andronici
1088 2095 1127 2128 Ρ.
1145 2081 1235 2129 84.)
1266 2084 1434 2120 defendit
1463 2086 1607 2121 levibus

208 2132 272 2166 ille
297 2132 519 2176 argumentis
544 2143 644 2173 usus,
672 2129 774 2176 quod
798 2129 939 2164 scilicet
961 2130 1173 2165 Macrobius
1191 2132 1312 2178 capite
1336 2133 1505 2178 sequenti
1533 2133 1609 2166 ali-

207 2191 270 2211 um
295 2179 419 2212 locum
445 2190 464 2212 e
489 2177 589 2211 Livii
608 2176 796 2222 tragoedia
821 2176 972 2220 afferat,
998 2184 1035 2210 et
1059 2177 1197 2212 Graeca
1214 2190 1287 2212 vox
1312 2179 1437 2213 aethra
1461 2186 1608 2224 praeter

208 2224 427 2269 Virgilium,
475 2231 640 2257 veterum
666 2224 906 2266 imitatorem,
960 2222 1023 2256 alii
1056 2232 1187 2269 poetae
1210 2232 1358 2271 praeter
1387 2226 1544 2258 Ennium
1572 2234 1609 2259 et

207 2270 355 2305 Livium
381 2271 445 2304 vix
471 2270 679 2303 conveniat.
705 2284 752 2294 —
803 2270 875 2302 Hic
898 2267 1034 2304 Caesar
1058 2271 1190 2305 Strabo
1223 2270 1313 2316 quid
1345 2272 1384 2304 in
1410 2270 1608 2316 tragoediis

208 2315 485 2352 conscribendis
510 2316 747 2361 praestiterit,
775 2327 820 2348 ex
845 2317 987 2362 paucis,
1012 2329 1106 2362 quae
1133 2325 1288 2352 aetatem
1305 2317 1480 2358 tulerunt,
1506 2317 1610 2363 frag-

209 2365 344 2398 mentis
370 2376 447 2398 non
471 2362 720 2408 perspicitur3
760 2362 961 2405 verisimile
987 2371 1107 2397 autem
1135 2371 1190 2398 est
1215 2363 1371 2398 eundem
1396 2365 1435 2397 in
1459 2371 1613 2408 tragoe-

209 2407 281 2443 diis
307 2421 346 2444 se
370 2409 585 2456 praebuisse
607 2408 725 2443 omnis
748 2407 887 2454 leporis
912 2415 1022 2454 atque
1044 2410 1253 2444 festivitatis
1279 2417 1488 2453 amatorem,
1514 2423 1610 2456 qua-

208 2454 283 2490 lem
309 2456 348 2489 in
373 2456 614 2492 orationibus·
640 2453 719 2492 Cic.
748 2452 851 2489 Orat.
875 2454 910 2498 3,
920 2453 956 2498 8,
968 2455 1027 2490 30.
1054 2456 1171 2502 „quid
1199 2463 1323 2490 noster
1348 2456 1407 2490 hic
1437 2455 1603 2493 Caesar?

210 2513 335 2536 nonne
359 2515 491 2537 novam
519 2501 703 2548 quandam
727 2502 909 2536 rationem
935 2503 1057 2536 attulit
1082 2501 1257 2537 orationis
1290 2509 1327 2536 et
1360 2502 1511 2537 dicendi
1546 2517 1612 2549 ge-

211 2558 281 2581 nus
305 2547 452 2583 induxit
476 2561 595 2594 prope
620 2546 831 2593 singulare?
885 2547 976 2594 Quis
1008 2561 1168 2594 unquam
1194 2560 1274 2590 res,
1314 2557 1463 2594 praeter
1487 2551 1608 2592 hunc,

211 2594 367 2638 tragicas
391 2608 511 2641 paene
538 2595 698 2636 comice,
739 2594 862 2628 tristes
890 2595 1062 2638 remisse,
1102 2607 1247 2629 severas
1272 2595 1410 2641 hilare,
1448 2596 1611 2631 forenses

214 2641 361 2674 scenica
384 2654 502 2688 prope
527 2647 717 2674 venustate
743 2641 934 2683 tractavit,
962 2649 1070 2684 atque
1093 2642 1166 2682 ita,
1191 2649 1231 2673 ut
1257 2655 1378 2687 neque
1400 2645 1502 2676 iocus
1528 2656 1613 2676 ma·-v

214 2685 408 2730 gnitudine
432 2700 551 2722 rerum
580 2684 836 2721 excluderetur
859 2698 927 2720 neo
943 2686 1099 2731 gravitas
1113 2685 1257 2722 facetiis
1277 2686 1543 2722 minueretur.“
1565 2708 1613 2715 —

212 2732 401 2770 Schoellio
426 2735 541 2776 (Hist.
568 2734 614 2769 de
638 2734 675 2767 la
699 2732 771 2767 litt.
796 2732 901 2767 Rom.
928 2732 967 2775 l,
997 2746 1033 2780 p.
1062 2734 1144 2768 117.
1170 2734 1273 2778 Not.)
1304 2748 1376 2770 non
1403 2734 1613 2782 ambiguum

211 2778 379 2824 videtur,
418 2782 508 2827 quin
532 2781 673 2817 Valerii
699 2779 810 2814 verba
835 2778 881 2813 de
906 2777 1060 2817 Caesare
1086 2780 1265 2818 dictatore
1301 2794 1376 2817 non
1400 2783 1475 2816 sint
1498 2783 1614 2817 intel-
