1877 2989
252 391 356 437 ferri
390 390 566 443 omnino
599 392 773 450 nequitg
811 391 890 436 cfr.
923 390 1108 437 Bothius
1144 391 1172 435 1.
1203 393 1231 436 l.
1267 409 1310 452 p.
1346 395 1486 447 255.i‚
1522 395 1652 440 wet-

252 461 410 514 ckerus
444 459 472 505 l.
502 459 530 504 l.
561 475 607 519 p.
636 459 778 504 1386.
815 469 859 505 et
895 476 937 521 p.
973 460 1117 505 1400*
1151 460 1257 505 Not.
1296 460 1371 505 12.
1448 463 1646 508 Primum

251 528 365 573 enim
399 528 589 573 ut'Attii
621 528 803 572 Electra
840 529 959 573 nullo
1004 529 1103 572 loco
1148 529 1266 589 apud
1311 537 1482 574 veteres
1521 548 1647 576 com-

252 604 551 650 memoratur,
582 598 646 647 ita
680 597 872 643 Attilium
909 598 1041 643 liuius.
1069 598 1251 643 nominis
1287 598 1475 643 fabulam
1510 601 1647 662 scrip.

251 667 359 711 sisse
393 682 447 711 ex
483 667 703 712 Cicerone
739 672 922 711 constat.
1002 666 1178 713 Deinde
1218 667 1334 726 quod
1368 667 1647 715 Weichertun

250 735 461 780 credibile
495 751 594 780 esse
629 743 790 795 negat,
839 742 938 795 post
971 734 1309 781 laudatissimam
1344 737 1526 782 Pacuvii
1560 744 1649 786 tra-f

250 805 460 863 goediam
496 804 657 858 Attilii,
695 804 826 850 ferrei
862 812 908 849 et
941 804 1157 851 durissimi
1182 805 1419 866 scriptoris,
1454 806 1645 851 fabulam

249 874 366 918 male
420 889 486 918 ex‘
525 873 748 934 Sophocle
804 890 1060 919 conversam
1106 875 1180 919 illo
1233 883 1431 934 tempore
1477 876 1650 920 Romae

251 943 424 988 editam*
451 958 571 996 esse,
637 943 741 988 nihil
786 944 961 988 omnino
1004 943 1161 997 efficit,
1221 959 1319 988 cum
1366 943 1409 989 in
1442 945 1648 990 Caesaris

249 1011 403 1056 funere
437 1027 525 1056 non
561 1018 653 1056 tota
684 1011 915 1070 tragoedia
950 1019 1049 1057 acta
1080 1012 1160 1064 sit,
1226 1011 1305 1056 sed
1355 1013 1449 1057 eius
1498 1028 1648 1059 versus

248 1087 415 1125 tantum
443 1079 646 1139 quidam,
683 1079 1024 1133 accommodati,
1067 1086 1113 1125 ut
1149 1081 1385 1125 Suetonius
1420 1081 1547 1135 dicit,
1571 1076 1649 1127 'ad

247 1149 590 1194 misericordiam
626 1156 670 1193 et
704 1147 909 1194 invidiam
942 1148 1114 1202 caedis,
1163 1150 1324 1194 cantati
1358 1150 1455 1195 sint.
1523 1151 1648 1201 Qua-

249 1225 433 1279 propter
469 1217 743 1263 reddendam
790 1233 888 1263 esse
932 1217 1172 1264 iudicamus
1207 1219 1431 1265 Electram
1476 1219 1648 1274 Annio,

249 1295 410 1347 poetae
445 1287 620 1346 tragico
656 1294 700 1332 et
730 1287 916 1334 comico,
955 1284 1005 1346 *)

293 1430 329 1475 *)
355 1433 415 1467 De
440 1432 575 1467 Attilio
598 1433 720 1468 tenuis
745 1439 887 1466 tantum
915 1431 960 1465 ad
986 1444 1053 1466 nos
1078 1434 1248 1479 pervenit
1280 1433 1470 1468 memoria..
1529 1434 1645 1469 Nemo

248 1479 346 1511 enim
374 1486 539 1515 veterum
567 1480 788 1523 scriptorum
815 1481 1131 1519 commemoravit,
1158 1491 1231 1523 quo
1257 1480 1288 1512 is
1314 1492 1411 1513 anno
1428 1488 1546 1522 natus,
1573 1493 1647 1526 quo

246 1531 414 1559 mortuus
440 1525 511 1568 sit,
565 1533 645 1559 nec*
668 1523 715 1559 de
743 1525 820 1559 eius
846 1525 965 1570 patria
992 1531 1054 1558 aut
1080 1524 1161 1558 aliis
1186 1525 1284 1559 vitae
1309 1524 1419 1559 rebus
1447 1525 1646 1572 quidquam

246 1570 422 1606 traditum
450 1578 516 1605 est.
575 1570 667 1606 Cum
698 1584 786 1606 vero
822 1573 1046 1606 mentionem
1074 1573 1152 1606 eius
1180 1572 1374 1606 iniecerint
1400 1573 1550 1608 Porcius
1576 1572 1650 1608 Li·-

248 1619 351 1654 cinus
380 1625 416 1652 et
440 1618 634 1652 Vulcatius
668 1617 852 1662 Sedigitas
879 1618 987 1659 (vide
1014 1631 1050 1663 p.
1079 1617 1137 1651 24.
1166 1618 1240 1657 Not
1265 1616 1337 1660 *)‚
1389 1632 1470 1656 eum
1504 1621 1648 1655 circiter

246 1665 344 1699 Attii
372 1671 529 1699 aetatem
559 1663 729 1699 floruisse
756 1665 938 1699 coniicere
962 1664 1071 1708 licet,
1100 1665 1157 1698 cui
1186 1664 1386 1711 suspicioni
1417 1665 1521 1710 haud·
1551 1679 1642 1714 par-

247 1724 332 1745 vam
368 1710 672 1756 probabilitatem
701 1710 842 1745 addunt
876 1724 939 1754 ea,
988 1724 1082 1756 quae
1108 1724 1217 1751 sum-a
1243 1724 1282 1756 p.
1308 1711 1342 1746 5.
1393 1712 1478 1747 Not.
1509 1713 1577 1748 hac
1602 1712 1649 1748 de

244 1770 286 1791 re
319 1757 553 1803 protulimus.
620 1757 812 1790 Notandus
840 1765 960 1791 autem
995 1761 1050 1791 est
1081 1770 1182 1791 error
1208 1770 1288 1791 cum
1317 1770 1444 1792 eorum
1469 1760 1645 1803 virorum,

248 1816 341 1847 quos
368 1815 477 1847 supra
502 1804 784 1847 nominavimus,
814 1811 887 1836 tum
916 1802 1046 1838 Criniti
1082 1802 1127 1835 de
1154 1811 1251 1850 poet.
1278 1803 1376 1838 Latt.
1405 1802 1495 1849 Cap.
1526 1805 1646 1847 xlv„

250 1850 382 1884 Orellii
410 1848 545 1883 Onom.
572 1848 673 1883 Tull.
700 1850 744 1882 ll.
779 1848 1095 1896 p.86.Welcke1-i
1121 1850 1146 1883 l.
1171 1850 1195 1883 l.
1224 1862 1260 1895 p.
1280 1847 1396 1893 1400„
1425 1853 1487 1896 qui
1514 1851 1647 1886 Attilio

248 1895 431 1930 dederunt
455 1896 574 1929 Marci
600 1908 848 1941 praenomen,
876 1897 978 1930 cuius
1003 1897 1145 1932 nullum
1171 1895 1270 1942 apud
1291 1904 1431 1932 veteres
1458 1899 1645 1933 invenitur

247 1943 455 1986 vestigium.
516 1943 547 1975 ls
576 1954 677 1975 error
703 1941 859 1975 fortasse
886 1944 1044 1975 manavit
1075 1955 1119 1975 ex
1148 1940 1260 1975 Gellii
1286 1942 1370 1976 loco
1396 1944 1430 1983 3,
1462 1945 1495 1977 3.
1527 1956 1646 1986 „nam

244 2001 313 2022 nec
340 1989 508 2029 Gemini,
535 2000 603 2021 nec
628 1987 799 2029 Leones,
826 2000 895 2021 nec
921 1987 1161 2027 Condalium,
1198 2000 1267 2022 nec
1295 1990 1399 2022 Anus
1425 1990 1547 2022 Plauti
1575 2002 1643 2024 nec

246 2034 309 2069 Bis
340 2046 571 2082 compressa,
597 2046 665 2068 nec
691 2033 843 2071 Boeotia
872 2046 1029 2080 unquam
1057 2034 1147 2076 suit,
1174 2046 1292 2080 neque
1318 2034 1412 2069 adeo
1430 2036 1646 2082 Ἀγροικος,

246 2094 368 2127 neque
395 2080 707 2125 Commorientes,
736 2079 800 2115 sed
827 2081 882 2116 M.
908 2081 1049 2126 Aquilii
1066 2081 1105 2124 ;“
1132 2083 1182 2114 ita
1209 2081 1298 2115 haec
1335 2080 1446 2114 verba
1473 2093 1518 2114 ex
1542 2082 1646 2115 viro-

242 2141 324 2161 rum
352 2127 556 2171 doctorum,
583 2128 764 2174 imprimis
786 2127 968 2161 Gronovii
997 2129 1209 2160 coniectura
1236 2127 1467 2169 scribuntur-3
1496 2139 1579 2161 nam
1604 2128 1643 2161 in

245 2174 366 2210 Codd.
393 2174 448 2207 Μ.
474 2175 654 2210 Hatrutici
679 2174 741 2207 vel
766 2174 821 2206 M.
842 2173 948 2207 Accii
970 2174 1047 2206 Titi
1074 2185 1209 2211 nomen
1234 2181 1364 2208 exstat.
1411 2171 1550 2219 Aquilii
1577 2187 1646 2208 au-

243 2229 319 2255 tem
345 2233 480 2255 nomen
508 2218 862 2255 minime‘Varronis
888 2220 970 2253 loco
998 2219 1043 2253 de
1068 2220 1110 2253 L.
1138 2220 1177 2252 L.
1207 2233 1239 2263 p.
1266 2221 1324 2254 75.
1359 2220 1464 2265 Rip„
1495 2220 1556 2255 Vl.
1606 2233 1643 2266 p.

244 2268 327 2301 110.
353 2267 407 2300 M.
433 2269 617 2309 munitur3
651 2266 704 2299 ibi
730 2267 828 2300 enim
854 2266 964 2310 vulgo
991 2265 1138 2311 quidem
1166 2266 1257 2300 haee
1283 2267 1456 2311 leguntur
1480 2279 1645 2309 „accen-

243 2326 323 2347 sum
350 2313 500 2346 solitum
528 2313 647 2354 ciere,
687 2312 844 2346 Boeotia
871 2312 1054 2355 ostendit,
1104 2325 1211 2358 quam
1242 2313 1473 2354 comoediam
1500 2313 1644 2356 Aquilii

244 2372 325 2395 esse
352 2358 504 2403 dicunt,
530 2358 601 2392 hoc
626 2370 733 2393 versu
747 2357 785 2402 ,“
814 2359 851 2391 in
879 2357 999 2393 Codd.
1027 2366 1146 2393 autem
1174 2371 1242 2406 pro
1274 2357 1416 2404 vulgata
1444 2356 1646 2403 ‚,Aqui1ii“

242 2409 422 2455 scriptura
447 2406 582 2452 legitur
608 2404 742 2448 ,‚alii‚“
767 2406 834 2438 sub
860 2418 930 2450 qua
952 2414 1124 2452 corrupta
1143 2419 1235 2440 voce
1253 2406 1481 2449 Augustinus
1505 2417 1642 2438 nomen

243 2454 296 2488 M.
324 2454 432 2496 Attii,
460 2454 494 2487 h.
510 2466 539 2487 e.
567 2451 699 2494 Plauti,
727 2451 891 2497 Scaliger
917 2453 1029 2495 Aelii,
1054 2453 1131 2487 h.e.
1159 2453 1202 2486 L.
1230 2452 1335 2492 Aelii
1361 2450 1515 2486 Stilonis
1543 2450 1643 2486 late-

242 2511 282 2531 re
313 2501 456 2545 opinati
476 2507 587 2540 -sunt3
614 2500 754 2546 Popma
781 2511 868 2533 vero
895 2500 932 2532 in
960 2500 1068 2532 Vni-r.
1099 2500 1153 2540 ll,
1180 2511 1218 2544 p.
1248 2498 1329 2532 155.
1355 2497 1440 2542 Rip.
1471 2497 1525 2531 M.
1549 2496 1643 2531 Atti-

246 2545 287 2578 tii
312 2558 444 2581 nomen
470 2547 588 2581 voluit
619 2546 785 2588 restitui,
827 2546 1024 2592 probatum
1051 2543 1203 2578 Osanno
1229 2542 1339 2578 Anal.
1374 2546 1454 2578 crit.
1488 2557 1527 2592 p.
1561 2544 1639 2580 153.

242 2591 297 2625 At
322 2592 440 2625 Plauti
465 2605 602 2627 nomen
627 2592 715 2626 ferri
742 2594 884 2637 nequit.
956 2593 1215 2635 Praeterquam
1243 2592 1341 2625 enim
1385 2590 1486 2636 quod
1520 2591 1641 2626 Varro

240 2644 390 2683 poetam
419 2640 596 2673 comicum
622 2651 697 2673 non
722 2638 777 2671 Μ.
808 2636 974 2680 Attium,
1012 2637 1077 2672 sed
1110 2637 1278 2671 Plautum
1305 2639 1497 2671 nominare
1531 2637 1640 2681 solet,

239 2685 437 2720 Boeotiam
464 2683 622 2719 fabulam
650 2685 696 2720 ab
721 2685 891 2730 Varrone
917 2684 1094 2718 tributam
1122 2696 1201 2720 esse
1226 2684 1358 2719 Plauto
1396 2684 1509 2718 Gellii
1535 2685 1645 2718 testi-

241 2733 369 2767 monio
396 2737 553 2773 constat,
580 2733 642 2776 qui
668 2733 693 2765 l.
715 2732 741 2765 1.
767 2732 859 2765 haec
884 2733 1031 2778 scripsit
1054 2744 1218 2777 „easque
1242 2732 1316 2766 iam
1340 2731 1550 2765 nominibus
1570 2731 1644 2765 ali-

244 2791 347 2812 orum
374 2783 573 2822 occupatas
600 2776 730 2812 Plauto
758 2777 977 2821 vindicavit,
1004 2780 1110 2813 sicuti
1136 2777 1264 2820 istam,
1298 2790 1405 2822 quam
1431 2778 1640 2824 nuperrime

241 2824 480 2870 legebamus,
532 2823 591 2857 cui
619 2831 673 2857 est
698 2836 832 2859 nomen
860 2823 1031 2861 Boeouiffi
1109 2825 1201 2859 Nam
1228 2836 1309 2858 cum
1335 2824 1374 2857 in
1398 2823 1475 2858 illia
1509 2836 1582 2859 una
1608 2831 1644 2858 et
