1877 2989
736 225 1021 268 ..15-

189 360 287 392 cum
318 344 585 392 Neukircbio
622 338 748 406 (Vita
766 344 968 398 Quinctii
995 340 1145 402 Attae,
1176 343 1234 390 de
1267 342 1402 391 fabul.
1434 351 1573 405 tegat.

191 432 235 476 p.
270 412 420 475 155),
460 415 525 460 vel
554 416 789 470 „Attilio“
820 431 920 461 cum
954 413 1189 461 Welckero
1223 414 1253 461 1.
1282 414 1311 460 1.
1344 430 1388 475 p.
1428 414 1575 461 1396.

190 485 295 530 Not.
328 486 394 539 7.,
433 485 498 531 vel
516 484 855 532 rescribendum
889 490 973 538 „et
1005 485 1060 529 ab
1080 484 1214 530 Accio
1234 483 1397 530 Plauto
1433 491 1480 530 et
1514 485 1573 530 ab

190 553 445 600 Afranioet
476 555 618 600 multis
646 555 901 607 fere“,—aut
926 553 1170 599 Euanthius
1204 552 1441 600 hariolatus
1472 570 1575 600 esse

190 623 369 669 videtur.
404 649 472 660 —
539 624 747 668 Similiter
792 617 1069 668 iudicandum
1120 621 1291 668 videtur
1325 622 1390 668 ,de
1432 623 1574 669 altero

186 693 309 749 loco,
335 693 408 752 qui
441 691 557 753 apud
591 691 807 738 Isidorum
842 688 1030 753 (Origg.
1066 691 1187 746 Vlll,
1224 691 1271 746 7,
1306 692 1350 736 ⁷.
1388 709 1432 752 p.
1452 691 1573 740 275.

185 759 342 818 Lind.)
389 768 531 807 exstat
585 761 713 815 „duo
756 768 856 808 sunt
893 769 1036 807 autem
1080 776 1249 822 genera
1293 762 1574 817 comicorum,

188 830 234 875 id
266 836 362 883 est,
394 836 566 875 veteres
598 837 646 875 et
678 831 791 875 novi.
860 831 1068 885 Veteres,
1103 830 1177 890 qui
1204 838 1251 876 et
1281 831 1382 875 ioco
1414 831 1574 876 ridicu-

188 900 303 944 lares
336 900 549 953 existunt,
591 907 640 945 ut
655 899 883 953 Plautus,
926 900 1098 953 Actius,
1142 899 1402 945 Terentius„
1442 900 1574 953 Novi,

185 968 260 1028 qui
295 974 340 1014 et
374 967 567 1023 satirici,
617 984 644 1014 a
673 968 833 1029 quibus
876 968 1146 1031 generaliter
1181 968 1281 1014 vitia
1323 975 1574 1029 carpuntur,

186 1045 234 1083 ut
263 1038 478 1091 Flaccus,
513 1038 713 1091 Persius,
745 1038 1013 1083 Iuvenal·is.“
1078 1036 1148 1082 Ad
1184 1039 1459 1083 Graecorum
1486 1039 1574 1099 igi-

185 1115 255 1153 tur
288 1107 531 1168 exemplum
568 1107 880 1167 grammaticus
914 1106 988 1151 ille
1018 1106 1267 1152 Romanam
1299 1106 1572 1153 comoediam

185 1176 337 1221 dividit
370 1177 413 1219 in
450 1175 560 1220 duas
592 1182 740 1234 partes
784 1183 917 1234 atque
960 1176 1072 1219 inter
1116 1175 1275 1220 veteris
1319 1176 1575 1221 comoediae

188 1243 605 1306 poetas-Plautum,
637 1243 821 1297 Attium,
869 1243 1127 1289 Terentium
1163 1251 1386 1298 recenset,
1434 1260 1575 1290 novae

186 1314 392 1360 adscribit
428 1322 580 1373 poetas
615 1314 834 1365 satiricos,
876 1314 1134 1366 Horatium,
1174 1313 1399 1367 Persium,
1442 1314 1573 1360 Iuve-

188 1382 507 1437 nalem3simili
544 1382 710 1427 ratione
753 1389 944 1429 veterem
980 1383 1255 1431 Graecorum
1301 1382 1573 1428 comoediam

185 1454 274 1498 iam
307 1451 546 1497 Diomedes
587 1450 682 1504 III,
721 1467 770 1511 p.
808 1452 909 1496 482
942 1452 997 1496 P.
1036 1467 1137 1496 cum
1178 1452 1381 1497 Romana
1424 1453 1571 1498 Satira

186 1520 465 1581 comparavit.
534 1519 674 1564 Attius
708 1528 852 1565 autem
889 1520 924 1564 si
954 1536 1039 1564 non
1068 1526 1235 1565 tantum
1269 1521 1461 1566 comicus
1486 1521 1572 1567 dici

188 1597 358 1651 posset,
411 1589 489 1634 sed
536 1589 666 1633 etiam
708 1589 875 1636 comica
920 1597 1014 1634 arte
1061 1595 1294 1649 tantopere
1333 1590 1573 1650 polluisset,

188 1665 238 1703 ut
267 1674 366 1703 cum
403 1659 565 1704 Plauto
597 1658 900 1716 Terentioque
933 1664 1081 1716 posset
1114 1658 1341 1718 componi,
1382 1659 1429 1703 id
1469 1674 1574 1719 pro·

187 1728 302 1774 fecto
357 1725 444 1773 non
493 1726 631 1773 solum
686 1726 802 1788 apud
844 1727 1046 1786 antiquos
1090 1727 1326 1788 scriptores
1368 1727 1575 1775 traditum

184 1798 458 1850 haberemus,
492 1796 570 1841 sed
607 1796 737 1842 etiam
769 1796 864 1841 eius
899 1796 1223 1842 comoediarum
1249 1797 1414 1857 aliquot
1446 1798 1575 1843 vesti-

114 1859 118 1863 *
187 1868 264 1927 gia
290 1866 421 1911 hodie
455 1874 687 1911 exstarent.
772 1866 927 1924 ltaque
960 1865 1118 1911 Isidori
1153 1867 1284 1911 verba
1312 1868 1405 1911 sine
1438 1866 1574 1912 dubio

186 1941 392 1993 corrupta
443 1941 562 1986 sunt,
615 1940 749 1991 atque
798 1933 842 1976 in
901 1933 952 1976 iis
999 1948 1080 1992 pro
1132 1933 1249 1978 Attio
1316 1941 1392 1979 aut
1446 1935 1571 1980 resti-

189 2002 396 2049 tuendum
432 2003 598 2055 „Attae
611 2003 639 2023 ‘⁶
672 2015 852 2053 nomen,
897 2007 973 2045 aut
1008 2001 1148 2046 verbis
1185 2002 1458 2063 transpositis
1500 2017 1571 2047 re-

188 2070 465 2116 scribendum
510 2069 688 2122 „Attius
726 2069 932 2122 Plautus,
985 2069 1231 2115 Terentius.
1242 2072 1269 2093 ‘⁴
1335 2071 1458 2115 Huic
1499 2086 1573 2116 su-

187 2139 365 2201 spicioni
399 2155 563 2198 magna
601 2137 705 2184 inde
747 2138 918 2184 accedit
959 2138 1263 2199 probabilitas,
1318 2140 1411 2186 tum
1453 2139 1572 2199 quod

184 2224 298 2270 quae
342 2224 369 2253 a
406 2206 619 2252 nonnullis
652 2208 893 2254 excitantur
927 2208 1031 2253 Attii
1064 2208 1318 2254 comoediae
1360 2216 1436 2255 aut
1467 2209 1571 2254 Attii

184 2275 332 2324 Plauti
367 2283 442 2323 aut
478 2278 605 2322 Attae
637 2285 762 2331 sunt,
809 2285 901 2323 tum
949 2277 1068 2337 quod
1112 2294 1220 2338 quos
1262 2279 1570 2337 grammaticus

183 2348 257 2393 ille
285 2362 425 2393 novae
457 2345 713 2391 comoediae
742 2352 897 2407 poetas
929 2348 1135 2401 nominat,
1173 2348 1417 2402 Horatium,
1451 2344 1572 2393 Per-

186 2417 320 2470 sium,
353 2415 601 2477 Iuvenalem
617 2449 631 2469 ,
663 2417 726 2461 ita
762 2424 1086 2470 commemorat,
1123 2423 1170 2461 ut
1201 2417 1408 2477 temporis
1431 2416 1572 2462 ratio-

187 2501 287 2531 nem
324 2485 526 2531 habuisse
566 2484 786 2540 videatur,
837 2484 956 2531 unde
1009 2484 1238 2532 verisimile
1281 2491 1349 2531 est
1404 2485 1567 2532 veteris

185 2571 359 2615 quoque
393 2555 648 2601 comoediae
674 2556 908 2615 scriptores
937 2570 1036 2600 eum
1069 2554 1126 2600 ad
1144 2554 1351 2615 temporis
1369 2554 1567 2601 ordinem

185 2625 496 2684 percensuisse.

315 2694 417 2739 Istis
447 2692 829 2753 grammaticorum
859 2693 1111 2739 testimoniis
1142 2693 1208 2739 sic
1233 2694 1404 2740 reiectis
1422 2692 1570 2739 videa-

182 2773 277 2806 mus
312 2763 491 2823 reliqua.
533 2761 584 2808 In
613 2761 867 2824 fragmentis
902 2761 1015 2808 enim
1045 2767 1147 2810 vett.
1180 2770 1319 2825 poett·
1353 2762 1473 2810 Latt.
1509 2763 1567 2810 ab
