1877 2989
770 228 1058 270 -29-..

321 357 325 360 ·
358 344 494 392 Haud
542 363 721 408 parvam
760 346 1075 393 dubitationem
1121 345 1253 391 habet
1290 345 1422 391 etiam
1467 344 1608 390 Iliona

212 416 380 469 fabula,
445 424 489 461 et
514 417 698 462 ,habere
744 417 872 461 etiam
901 415 1012 460 -visa
1055 423 1121 460 est
1161 415 1398 461 Welokero
1432 414 1462 459 l.
1497 414 1526 458 l.
1563 430 1606 474 p.

214 484 360 539 11⁵3,
399 485 542 538 1156,
585 484 735 538 1386,
773 484 858 528 cui.
879 484 1152 544 Stephanus,
1186 484 1456 537 Scriveriu8‚
1492 483 1607 528 Vos-

209 555 322 608 sius,
368 553 577 607 Boffiius,
623 553 899 598 Duentzerne
924 553 971 597 'in
1008 553 1344 598 Zimmermanni
1376 552 1530 597 Diario
1565 567 1606 596 a.

212 623 383 678 1838.‚
436 639 480 684 p.
517 623 596 668 60.
640 622 754 667 inter
799 622 904 667 Attii
949 622 1151 683 reliquias
1185 622 1331 667 locum
1374 621 1603 666 dederunt.

206 780 338 825 viginti
369 791 445 812 non
470 780 538 820 sit,
572 785 607 812 et
633 789 713 812 esse
742 778 886 823 Aquilii
914 777 1076 821 dicatur,
1115 778 1210 812 nihil
1234 786 1358 813 tamen
1382 778 1502 812 Varro
1529 776 1604 811 du-

209 825 364 866 bitavit,
391 825 480 869 quin
506 824 626 857 Plauti
653 825 791 858 foret.“
842 825 1018 870 Scaligeri
1048 827 1258 859 coniectura
1293 824 1432 858 idcirco
1458 824 1605 869 impro--

210 870 334 906 banda
359 878 434 913 est,
480 870 580 915 quod
604 871 726 905 nullus
752 870 821 904 suit
844 871 941 915 apud
966 873 1150 905 Romanos
1178 878 1287 917 poeta
1317 871 1501 912 comicus,
1546 869 1603 903 cui

209 918 312 952 Aelii
340 926 472 951 nomen
503 925 610 951 esset.
661 916 897 952 probabilior
911 917 1058 952 videtur
1074 919 1253 963 scriptura
1279 914 1486 960 „Attilii,“
1510 928 1604 961 quae

207 964 426 1000 Weicherto
452 975 599 1009 quoque
624 964 759 1010 placet.
835 966 924 998 Nam
951 976 1026 998 non
1057 965 1177 999 solum
1205 963 1326 998 Auilii
1354 971 1389 997 et
1412 962 1507 997 Attii
1534 961 1601 1005 (h.

207 1022 240 1046 e.
268 1005 407 1052 Plauti)
434 1011 582 1044 nomina
603 1009 711 1045 facile
737 1009 932 1054 confundi,
955 1019 989 1045 et
1008 1010 1101 1045 Attii
1126 1012 1305 1058 scriptura
1323 1011 1361 1043 in
1389 1008 1514 1054 „alii“
1531 1009 1602 1043 de-

235 1058 353 1090 ravari
380 1064 544 1103 poterat,
578 1057 659 1095 ‚sed
692 1058 800 1091 etiam
833 1058 1001 1090 Attilium
1030 1058 1196 1091 novimus
1230 1064 1378 1104 poetam
1403 1057 1599 1090 comicum.

206 1069 390 1149 Equidem
417 1115 525 1145 vero,
552 1115 634 1136 cum
657 1102 781 1136 Attilii
806 1102 998 1137 Boeotiam
1025 1111 1188 1137 veterum
1215 1115 1323 1138 nemo
1349 1104 1497 1144 excitet,
1524 1112 1597 1136 ne·

206 1162 278 1195 que
301 1149 481 1183 librorum
509 1151 724 1183 auctoritate
750 1151 883 1191 iustum
911 1151 1069 1183 auctoris
1095 1162 1230 1184 nomen
1262 1150 1436 1183 constitui
1468 1150 1600 1194 possit,

206 1196 294 1229 certi
320 1192 412 1239 quid
431 1202 584 1228 statuam
608 1195 701 1228 nihil
726 1196 857 1238 habeo3
885 1195 948 1229 cfr.
972 1194 1126 1229 Bothius
1152 1195 1178 1228 l.
1199 1196 1225 1228 l.
1251 1195 1419 1239 fragmm.
1447 1196 1599 1229 comice.

205 1254 244 1288 p.
271 1242 327 1275 37.
357 1239 526 1274 Osanuus
553 1241 576 1274 l.
600 1241 626 1274 l.
653 1253 691 1285 p.
718 1240 796 1276 156.
823 1249 859 1276 et
887 1240 964 1275 183.
1001 1254 1047 1275 ex
1072 1242 1161 1286 ipsis
1186 1241 1364 1275 Boeotiae
1388 1240 1601 1285 fragmentis

206 1287 446 1334 comprobare
471 1286 611 1321 studuit
644 1286 808 1321 fabulam
834 1295 896 1321 aut
921 1289 1125 1334 posteriore
1151 1294 1317 1333 tempore
1353 1287 1482 1322 alienis
1516 1299 1601 1321 ma-

205 1334 313 1368 nibus
340 1335 505 1367 vitiatam
544 1345 643 1375 esse,
694 1342 755 1367 aut
780 1347 799 1368 a
825 1336 993 1368 Varrone
1019 1346 1212 1380 perperam
1239 1332 1372 1367 Plauto
1404 1332 1599 1368 vindicari.

202 1378 427 1416 Welckerus
453 1380 477 1413 l.
504 1380 529 1413 l.
555 1392 592 1426 p.
623 1380 723 1414 1400.
750 1381 835 1415 Not.
864 1382 919 1414 12.
946 1381 1089 1426 Aquilii
1113 1392 1248 1415 nomen
1274 1379 1508 1414 retinendum
1534 1392 1599 1414 es—

204 1437 245 1459 se
271 1426 421 1459 iudicat.
447 1425 540 1459 God.
565 1427 796 1459 Hermaunus
821 1428 860 1459 in
884 1425 1038 1459 Dissert.
1075 1426 1121 1459 de
1154 1427 1199 1459 L.
1225 1427 1317 1459 Attii
1351 1425 1597 1459 Didascalicis

204 1470 310 1519 Lips.
338 1469 440 1505 1842.
471 1472 619 1516 scripsit
642 1472 724 1515 „M.
753 1470 879 1515 Titi,“
904 1481 1013 1518 quem
1039 1473 1216 1506 comicum
1242 1478 1387 1517 poetam
1413 1471 1492 1505 vult
1517 1483 1597 1506 esse

204 1519 392 1562 alioquin,
420 1525 460 1551 ut
487 1517 664 1563 credidit,
691 1520 874 1563 ignotumg
901 1518 967 1553 sed
991 1519 1147 1553 eundem
1172 1520 1226 1553 M.
1252 1520 1421 1553 Hertzius
1447 1516 1485 1552 in
1510 1518 1598 1553 An·-

203 1565 278 1598 nal.
303 1563 431 1599 Berol.
461 1563 563 1600 1842.
590 1578 629 1611 p.
653 1566 732 1600 359.
770 1564 967 1610 significari
992 1573 1097 1611 putat
1130 1574 1206 1599 tum
1233 1577 1252 1598 a
1278 1566 1465 1598 Frontone
1489 1565 1535 1599 11.
1563 1566 1596 1599 1.

203 1611 353 1656 „Ennio
381 1618 442 1645 aut
462 1612 564 1647 Titio
591 1610 765 1658 poetae,“
792 1620 868 1646 turn
896 1611 942 1646 ab
969 1612 1044 1646 1011.
1072 1610 1181 1658 Lydo
1207 1610 1254 1645 de
1278 1610 1439 1657 magistr.
1467 1613 1507 1656 1,
1536 1609 1597 1647 40.

203 1659 359 1703 „Temos
400 1655 421 1692 o‘
452 1654 634 1703 Ῥωμαῖος
675 1658 890 1703 :comunis-,⁶⁶
931 1659 994 1692 ubi
1032 1667 1155 1693 tamen
1197 1660 1325 1701 Λίβιος
1364 1658 1598 1692 scribendum

203 1715 282 1739 esse
312 1706 548 1739 coniecerunt
573 1703 743 1738 Osannus
768 1705 793 1738 l.
820 1707 846 1739 1¹.
871 1719 908 1751 p.
934 1704 992 1739 44.
1030 1712 1064 1739 et
1088 1706 1316 1738 Reuvensius
1343 1703 1500 1739 Collect.
1526 1705 1598 1738 litt.

199 1763 238 1797 p.
256 1750 303 1783 20
329 1760 433 1797 sqq.;
463 1752 613 1785 Fussius
639 1758 757 1785 autem
796 1753 956 1789 Τιτίνιος
974 1752 1045 1796 legi
1071 1751 1217 1792 maluit5
1241 1750 1307 1785 cfr.
1324 1751 1465 1796 Langei
1483 1750 1597 1785 vind.

201 1799 292 1840 trag.
319 1798 425 1831 Rom.
452 1811 491 1844 p.
512 1799 571 1832 51.
597 1816 642 1824 -
689 1797 812 1831 Attilii
837 1797 952 1832 libros
979 1810 1105 1832 omnes
1131 1798 1307 1844 temporis
1330 1799 1505 1842 iniquitas
1526 1797 1598 1832 de-

200 1843 304 1886 levit.
331 1844 419 1877 Eius
445 1856 491 1878 ex
516 1843 711 1888 tragoedfis
737 1844 850 1878 solam
875 1845 1054 1878 Electram
1074 1845 1257 1885 novimus,
1285 1845 1389 1877 cuius
1415 1856 1462 1877 ne
1481 1856 1595 1876 unum

202 1888 351 1934 quidem
377 1890 527 1923 verbum
553 1897 730 1935 superest.
827 1889 928 1923 Idem
961 1898 1069 1936 poeta
1103 1890 1219 1923 multo
1245 1890 1418 1923 maiorem
1444 1888 1594 1923 laudem

202 1937 387 1968 assecutus
417 1935 563 1968 videtur
587 1935 788 1968 comoediis
814 1936 1038 1977 scribendis,
1088 1937 1152 1979 qui
1187 1934 1335 1979 quidem
1367 1946 1388 1967 a
1418 1935 1593 1969 Vulcatio

201 1979 366 2025 Sedigito
391 1981 430 2014 in
455 1982 700 2015 Romanorum
727 1982 948 2019 comicorum
974 1993 1124 2015 censura
1150 1979 1249 2028 apud
1273 1980 1433 2014 Gellium
1462 1980 1517 2026 15,
1534 1978 1594 2016 24.

200 2028 330 2073 quinto
356 2028 565 2072 nominatur
589 2028 672 2062 loco
697 2031 783 2073 post
808 2026 1005 2063 Caecilium
1032 2029 1208 2071 Statium,
1236 2027 1425 2072 Plautum,
1452 2029 1595 2063 Naevi-

201 2087 284 2117 um,
337 2075 520 2108 Licinium
560 2075 762 2109 imbricem.
835 2074 956 2109 Attilii
980 2074 1196 2119 Μισογύνην
1219 2082 1481 2109 commemorat
1515 2073 1592 2109 Cic.

200 2120 312 2154 Tusc.
339 2119 374 2164 4,
404 2119 480 2165 lt.,
506 2134 600 2167 quae
626 2121 816 2156 comoedia
842 2123 920 2156 sine
948 2121 1061 2155 dubio
1099 2135 1145 2155 ex
1178 2120 1385 2155 Menandro
1413 2133 1592 2156 conversa

200 2174 268 2201 eat.
297 2165 372 2202 Cfr.
398 2168 571 2202 Davisius
598 2170 635 2201 in
667 2168 744 2203 Cic.
771 2169 797 2202 l.
826 2176 860 2203 et
888 2169 1119 2203 Meineckius
1147 2166 1346 2201 Menandri
1373 2169 1517 2214 Reliqq.
1549 2181 1589 2214 p.

200 2214 282 2247 115.
331 2215 491 2257 Versus,
518 2225 626 2260 quem
654 2213 729 2249 Cic.
758 2214 816 2248 ad.
844 2215 924 2248 Att.
954 2213 1009 2258 14,
1035 2216 1093 2249 20.
1118 2216 1296 2257 servavit,
1329 2226 1375 2249 ex
1400 2213 1591 2249 comoedia

199 2259 358 2305 quadam
384 2260 622 2306 depromptus
648 2268 722 2300 est;
772 2260 818 2293 ad
848 2273 995 2295 soccum
1022 2263 1108 2295 item
1134 2258 1329 2295 referenda
1356 2268 1462 2303 sunt,
1496 2272 1590 2306 quae

198 2313 344 2349 exstant
367 2306 465 2352 apud
489 2307 691 2341 Varronem
718 2305 763 2339 L.
788 2303 833 2340 L.
861 2305 893 2348 7,
921 2305 979 2342 90.
1007 2316 1043 2341 et
1070 2305 1149 2342 106.
1176 2307 1228 2342 Μ.
1256 2308 1297 2341 111
1316 2306 1394 2343 Cic.
1422 2307 1533 2341 Tusc.
1553 2307 1588 2350 5,

200 2352 257 2386 22.
284 2354 441 2399 Aquinii
465 2365 623 2395 nomen,
648 2365 715 2398 pro
741 2366 814 2399 quo
841 2366 934 2387 unus
970 2353 1062 2387 cod.
1090 2355 1232 2387 Eliens.
1266 2354 1387 2387 Attilii
1413 2354 1587 2399 praebet,

198 2399 434 2435 retinendum
460 2408 525 2435 est.
550 2400 615 2435 cfr.
633 2401 816 2436 ‚Moserus
842 2402 880 2433 iu
906 2402 932 2434 1.
958 2400 1006 2442 1.,
1047 2397 1287 2434 Weichertus
1313 2400 1340 2433 l.
1364 2400 1390 2432 l.
1419 2413 1454 2446 p.
1484 2397 1587 2444 141„

200 2445 290 2480 Not.
318 2447 375 2482 33.
403 2447 577 2481 Attilium
602 2447 687 2481 licet
714 2445 790 2480 Cic.
818 2445 866 2479 ad
891 2446 969 2480 Att.
999 2446 1025 2478 l.
1052 2446 1078 2479 l.
1110 2445 1255 2479 vocarit
1279 2452 1428 2491 poetam
1462 2445 1589 2480 duris-

197 2492 349 2536 simum,
377 2501 413 2528 et
439 2493 486 2527 de
513 2495 594 2528 Fin.
620 2492 643 2527 l.
672 2494 698 2527 l.
724 2492 889 2540 probarit
914 2494 1031 2527 Licini
1064 2492 1240 2525 iudicium
1302 2491 1459 2526 eundem
1485 2506 1588 2528 nun-

197 2542 368 2584 cupantis
393 2540 550 2574 ferreum
577 2542 806 2586 scriptorem,
835 2541 954 2574 Varro
980 2547 1101 2573 tamen
1120 2538 1217 2583 apud
1244 2517 1451 2572 &harisium
1476 2538 1521 2582 ll,
1548 2553 1587 2586 p.

192 2584 275 2619 215.
303 2584 347 2621 Ρ.
374 2586 557 2620 Trabeam
583 2587 728 2632 scripsit
754 2593 789 2619 et
814 2585 982 2620 Attilium
1009 2593 1045 2619 et
1070 2584 1269 2620 Caecilium
1294 2584 1406 2620 facile
1431 2587 1588 2621 movisse

192 2631 318 2675 πάθῃ
345 2632 409 2668 cfr.
435 2634 631 2668 Reuvensii
666 2631 818 2667 Collect.
845 2633 916 2667 litt.
952 2642 990 2677 p.
1023 2633 1100 2667 130.
1148 2631 1398 2667 Vehementer
1443 2634 1586 2678 impro-

192 2677 314 2713 banda
340 2689 395 2715 est
419 2679 549 2714 Orellii
573 2681 753 2725 suspicio,
780 2680 843 2725 qui
868 2681 907 2713 in
935 2681 1024 2714 Hor.
1052 2678 1121 2712 Od.
1150 2679 1183 2721 1,
1210 2678 1270 2721 36,
1298 2677 1356 2713 14.
1389 2679 1455 2712 sub
1481 2679 1585 2712 Bassi

196 2727 345 2761 nomine
369 2728 466 2761 hunc
491 2727 662 2761 Attilium
686 2726 800 2760 latere
824 2727 998 2771 opinatus
1021 2733 1108 2766 est.;
1129 2722 1197 2760 cfr.
1222 2726 1459 2763 Weichertus
1475 2723 1521 2759 cle
1539 2725 1582 2759 L.

197 2769 319 2807 Vario*
339 2774 487 2808 Excurs.
511 2775 556 2819 11,
580 2786 617 2821 p.
639 2772 717 2809 143.
739 2801 745 2805 .
