1877 2989
759 204 1049 248 -31-

218 315 329 379 1602
378 324 514 380 „mihi
565 325 669 371 nihil
724 324 977 382 mutandum
1024 321 1193 369 videtur
1247 336 1378 383 quum
1432 327 1612 382 propter

218 394 363 455 Codd.
398 410 677 450 consensum,
694 423 697 427 v
714 402 804 440 tum
836 395 940 454 quia
968 389 1217 444 ἀντίθεσις
1244 392 1341 442 ἰεῐει,
1369 391 1527 437 taurini
1568 398 1613 435 et

216 465 390 512 humani
425 465 648 527 sanguinis
693 465 839 510 locum
881 463 1044 508 habere
1090 462 1255 522 potuit,
1321 461 1411 508 sive
1445 461 1502 506 de
1534 460 1609 506 Io-

217 551 273 580 ne
284 536 326 579 in
341 550 515 580 vaccam
538 550 749 585 conversa
759 536 878 577 iuxta
889 532 1175 584 priscianum,
1188 531 1278 576 sive
1297 531 1354 576 de
1364 531 1611 575 Minotauro

217 612 427 664 ageretur
460 605 579 649 iuxta
616 602 928 649 Macrobium.“
962 601 1182 661 Equidem
1216 601 1429 645 Macrobii
1462 600 1608 646 locum

211 675 272 719 ita
285 674 602 718 emendandum
622 672 824 725 arbitror,
854 678 900 715 ut
911 672 1124 716 scribatur
1144 670 1289 724 „idem
1302 671 1345 714 iu
1359 670 1491 713 Ione:
1511 677 1609 714 tau—

212 744 423 803 n'geno‚“
476 748 520 786 et
556 741 655 786 huic
688 741 864 785 fabulae
900 741 983 785 hoc
1018 740 1307 799 fragmentum
1345 737 1609 784 addendum.

369 809 500 859 Quod
536 826 668 869 supra
702 811 745 854 in
775 811 924 855 Nonio
959 810 1316 868 vituperavimus,
1361 808 1477 868 apud
1507 824 1609 853 eum

215 894 314 923 cum
358 878 541 923 aliorum
584 886 812 938 poetarum
850 887 942 924 tum
982 878 1162 922 Pacuvii
1201 878 1391 937 Attiique
1435 877 1611 922 nomina

212 948 382 1008 saepius
414 948 642 1003 confundi,
677 950 721 993 id
759 950 948 994 maxime
983 948 1195 1008 probatur
1224 948 1347 1001 loco,
1388 948 1460 1006 qui
1494 948 1608 1008 legi-

209 1024 280 1062 tur
307 1033 340 1062 S.
366 1034 402 1061 v.
439 1033 595 1078 specus
628 1035 671 1079 p.
695 1018 808 1075 223.
832 1019 906 1072 M.‚
939 1017 1013 1064 ubi
1051 1033 1201 1078 omnes
1234 1017 1333 1061 libri
1366 1017 1429 1061 sic
1464 1017 1608 1078 scrip-

211 1094 300 1132 tum
333 1087 538 1132 exhibent
570 1089 753 1141 „Accius
800 1089 991 1147 Niptris:
1037 1086 1141 1131 inde
1181 1086 1366 1132 advenio
1415 1095 1607 1131 montem

213 1155 389 1208 Oetam,
424 1170 676 1215 scruposam
712 1158 928 1217 specumf‘
999 1156 1110 1199 Eius
1145 1163 1290 1200 autem
1325 1155 1510 1199 nominis
1542 1154 1607 1200 fa-

210 1224 358 1269 bulam
393 1224 449 1270 ab
484 1225 601 1269 Attio
651 1242 749 1270 esse
784 1224 1068 1285 compositam
1113 1239 1211 1268 cum
1248 1230 1440 1269 veterum
1478 1240 1608 1269 nemo

209 1292 378 1346 tradat,
438 1310 463 1337 a
497 1291 691 1339 Pacuvio
740 1310 842 1339 vero
889 1294 975 1338 hoc
1021 1300 1326 1352 argumentum
1372 1300 1606 1339 tractatum

211 1378 307 1407 esse
341 1362 475 1406 multa
512 1370 704 1408 veterum
750 1363 996 1408 testimonia
1039 1361 1291 1408 declarent:
1360 1377 1413 1406 eo
1463 1363 1605 1408 minus

210 1431 473 1475 dubitaveris
510 1447 536 1475 a
569 1433 716 1476 Nonio
751 1432 818 1476 vel
854 1432 908 1476 ab
932 1431 1024 1475 eius
1055 1431 1243 1476 librariis
1277 1437 1506 1491 peccatum
1530 1431 1604 1477 hic

211 1515 333 1553 esse,
398 1514 495 1544 cum
530 1500 781 1546 Priscianus
818 1501 885 1554 11,
922 1517 963 1561 p.
997 1500 1111 1546 713.
1146 1501 1201 1546 Ρ.
1234 1501 1330 1560 ipsa
1359 1500 1434 1545 illa
1468 1502 1605 1547 verba

208 1569 431 1623 „advenio
478 1570 521 1613 in
567 1586 817 1631 scruposam
855 1572 1070 1629 specum“
1116 1585 1171 1613 ex
1213 1570 1396 1614 Pacuvii
1435 1570 1606 1632 Niptris

209 1639 379 1691 aflerat,
414 1654 502 1697 quo
538 1639 636 1683 loco
671 1655 822 1684 omnes
853 1639 951 1683 libri
971 1639 1345 1684 Pacuvii-nomen
1367 1641 1603 1699 praehent;

209 1706 292 1752 vid.
328 1708 556 1752 Krehlium
588 1709 625 1761 l,
660 1727 701 1769 p.
739 1710 853 1754 269.

354 1777 461 1820 Sola
495 1777 606 1820 Iunii
649 1778 900 1822 coniectura
934 1775 1093 1821 factum
1128 1783 1218 1830 est,
1268 1782 1317 1820 ut
1350 1776 1464 1820 inter
1498 1778 1603 1823 Attii

207 1843 376 1888 fabulas
419 1854 669 1890 numeretur
701 1846 827 1890 Paris
862 1844 1107 1906 tragoedia.
1207 1845 1379 1889 Nonius
1411 1845 1527 1889 enim
1564 1862 1600 1891 s.

207 1930 245 1957 v.
281 1912 427 1956 frenos
463 1929 503 1972 p.
526 1912 640 1957 206.
665 1915 723 1957 Μ.
757 1914 889 1958 habet
922 1913 1129 1966 „Acciusz
1166 1914 1261 1971 pari
1298 1912 1423 1958 frena
1453 1921 1601 1962 tesau-

204 1982 242 2026 ri
273 1996 480 2041 equorum
517 1982 855 2038 accomodant;“
893 1982 956 2027 sic
989 1981 1112 2027 locus
1141 1981 1305 2042 legitur
1340 1982 1384 2027 in
1419 1983 1602 2030 novissi-

208 2066 280 2095 ma
312 2051 446 2095 Nonii
482 2052 694 2104 editione,
756 2068 868 2112 quae
906 2058 973 2096 est
1007 2067 1034 2096 a
1070 2052 1307 2096 Gerlachio
1345 2060 1390 2097 et
1434 2053 1603 2099 Rothio

206 2128 369 2164 curata.
397 2121 636 2174 Mercerus,
671 2122 819 2175 libros,
857 2128 904 2166 ut
923 2121 1039 2174 dicit,
1073 2129 1246 2166 secutus
1274 2122 1447 2182 scripsit
1480 2126 1603 2177 „Ac-

206 2188 297 2233 cius
325 2189 454 2233 Pari:
494 2189 685 2234 frenates
721 2192 816 2249 auri
853 2205 1062 2250 equorum
1105 2191 1478 2237 accommodant.“
1549 2192 1602 2237 ln

204 2258 378 2319 optimis
411 2265 553 2303 autem
590 2259 758 2313 codd„
801 2261 843 2304 in
888 2260 1100 2305 Leidensi
1139 2269 1183 2306 et
1224 2261 1600 2322 Guelferbytano,

203 2327 445 2381 invenitur,
500 2329 680 2372 testibus
716 2328 954 2373 Gerlachio
1001 2337 1045 2374 et
1078 2329 1244 2374 Rotbio
1291 2331 1414 2391 „pari
1448 2330 1600 2376 frena“

204 2404 248 2441 et
280 2397 323 2440 in
358 2394 525 2442 Aldina
556 2397 637 2457 ipsi
660 2398 926 2457 repperimus
963 2398 1144 2458 „impari
1161 2398 1328 2443 frena.“
1382 2399 1531 2444 Iunius
1554 2400 1600 2444 in

201 2466 306 2511 Mss.
345 2483 441 2512 esse
475 2467 663 2513 affirmat
696 2468 863 2524 „Attius
896 2468 1027 2512 Pari:
1095 2467 1341 2512 Frenetes“
1386 2469 1483 2529 ipse
1519 2486 1599 2515 au-

201 2542 290 2580 tem
322 2537 597 2581 scribendum
634 2553 731 2582 esse
763 2537 949 2584 coniecit
991 2537 1164 2591 „Attius
1202 2537 1422 2593 Paride,“
1456 2539 1517 2585 ita
1551 2547 1601 2584 ut

202 2604 332 2651 Paris
366 2621 445 2666 pro
482 2607 681 2651 Attianae
714 2606 888 2651 fabulae
925 2607 1097 2652 nomine
1130 2605 1356 2653 habeatur.
1402 2609 1597 2661 Vossius,

190 2674 256 2736 ,ad
292 2675 476 2719 Aldinae
509 2677 764 2735 scripturam
806 2676 1067 2736 respiciens,
1136 2676 1290 2722 maluit
1338 2678 1506 2731 „Attius
1552 2678 1597 2721 in

201 2741 369 2789 Parer“
404 2745 445 2790 h.
475 2761 513 2789 e.
548 2747 592 2791 in
628 2745 863 2806 Parergis,
918 2761 1030 2806 quae
1061 2761 1159 2793 esse
1197 2748 1254 2793 ab
1286 2748 1403 2793 Attio
1433 2747 1598 2807 scripta
